3250 5117
1215 413 1607 481 “lb-

220 605 331 677 ita
395 618 461 677 ut
526 609 606 679 ab
673 609 906 680 usitata
969 611 1350 697 genealogia
1426 632 1566 677 cum
1625 609 1989 696 discrepare
2055 617 2246 694 atque
2312 605 2580 678 eandem

215 719 553 787 Mercurio
600 740 789 803 quam
833 720 1113 805 Apollini
1157 725 1423 786 matrem
1479 718 1692 786 dicere
1758 717 1947 786 facile
2016 717 2400 803 credideris,
2462 719 2601 786 hoc-

225 829 409 892 enim
476 830 859 911 αὖτάόελφος
921 827 1027 911 (cf.
1076 830 1328 913 δελφύς)
1391 826 1644 894 adiecto
1700 828 1803 892 vel
1869 825 2159 913 opposito
2205 826 2314 893 illo
2372 834 2585 892 κοινοῦ

224 937 476 1019 πατρός
548 934 903 1023 significare
977 934 1246 1001 videtur.
1336 932 1520 1012 Quod
1581 933 1634 999 si
1685 933 1949 1015 faceret,
1996 933 2136 1019 ipse
2195 953 2409 999 secum
2476 954 2584 1019 pu-

231 1048 503 1129 gnaret,
553 1041 703 1108 dicit
751 1042 915 1108 enim
967 1044 1114 1109 Cho,
1164 1041 1329 1106 812:

865 1204 1153 1287 συλλάβοι
1201 1205 1255 1264 δ’
1306 1203 1565 1270 ἐνδίκως·

864 1315 1035 1392 παζῖς
1080 1311 1116 1372 ὁ
1162 1310 1411 1378 Μαίας
1458 1311 1923 1391 ἐπιφορώτατος

864 1421 1086 1500 πρᾶξιν
1132 1420 1346 1500 οὐρίαν
1392 1418 1598 1481 θέλων

242 1592 312 1650 et
341 1587 481 1672 frq.
529 1585 692 1650 384:
740 1589 1032 1669 ἒναγώνιε
1078 1587 1327 1657 Malag
1371 1588 1492 1650 καὶ
1538 1588 1711 1656 Διὸς·
1749 1588 1990 1669 Ἑρμᾶ.

425 1719 557 1786 Sed
602 1720 1001 1786 verisimilius
1049 1726 1181 1804 est,
1246 1719 1550 1805 Aeschyli
1601 1720 1990 1804 temporibus
2035 1720 2311 1787 nondum
2355 1722 2420 1787 in
2470 1742 2585 1788 usu

242 1828 440 1893 fuisse
487 1827 661 1893 illam
708 1828 882 1893 vocis
929 1830 1198 1910 ἀδελφός
1246 1827 1731 1913 explicationem
1772 1848 1958 1911 quam
1996 1829 2190 1895 tradit
2226 1829 2587 1914 Hesychius

242 1955 294 2001 s.
341 1954 402 2001 v.
449 1937 723 2016 ἀδελφοί·
770 1939 828 1999 οἱ
864 1938 933 1997 ἐκ
979 1945 1084 2018 τῆς
1129 1939 1317 2018 αὐτῆς
1382 1937 1649 2017 δελφύος
1713 1938 2039 2018 γεγονότες.
2101 1937 2326 2018 ὃελφὺς
2371 1938 2490 2020 γὰρ
2547 1941 2583 2020 ἡ

241 2045 448 2125 μήτρα
498 2044 740 2124 λέγεται.
789 2042 1014 2124 Neque
1059 2042 1404 2128 putandum
1453 2047 1551 2107 est
1594 2042 1917 2127 proposito
1974 2041 2085 2108 illo
2134 2046 2267 2105 αὐτ
2314 2080 2395 2091 -
2444 2045 2583 2110 sen-

244 2149 509 2224 tentiam
537 2150 626 2215 ita
643 2149 907 2216 vertisse
943 2149 1350 2233 Aeschylum,
1380 2154 1447 2214 ut
1466 2149 1881 2237 significaret:
1933 2170 2124 2235 „una
2171 2149 2583 2234 eademque

246 2264 447 2323 matre
486 2259 811 2341 exortus“3
873 2259 1257 2339 αὖτάὸελφος
1321 2256 1485 2321 enim
1541 2256 1926 2341 tragicorum
1987 2258 2375 2341 temporibus
2429 2257 2585 2323 nihil

242 2364 420 2430 aliud
472 2365 869 2449 significabat
913 2370 1104 2447 atque
1150 2365 1436 2446 ἀδελφός,
1501 2363 1798 2446 idemque
1858 2363 1938 2430 de
1998 2365 2219 2431 similis
2285 2364 2585 2431 adiectivi

241 2474 615 2553 αὖτανέη,νιος
660 2491 776 2537 usu
822 2470 1221 2537 statuendum
1279 2474 1427 2549 est,¹
1496 2471 1578 2537 de
1645 2492 1766 2553 quo
1817 2472 2047 2539 Pollux
2104 2473 2289 2554 3‚28:
2357 2475 2414 2537 οἱ
2468 2474 2584 2555 μὲν

142 2601 151 2610 ·
242 2580 601 2660 αἷντανέψιοι
650 2581 830 2644 οῦδὲν
876 2582 1062 2645 πλέον
1107 2588 1233 2643 τῶν
1272 2582 1567 2659 ἀνεψιῶν,
1616 2580 1742 2642 ἀλλ’
1794 2582 2080 2662 ἄντικρυς
2140 2581 2377 2644 ταύτόν.
2437 2579 2583 2644 Illu-

245 2690 477 2750 stratur
531 2694 740 2752 autem
801 2694 968 2753 totus
1018 2688 1124 2753 ille
1189 2687 1387 2766 locus,
1451 2684 1559 2751 ubi
1602 2686 1872 2771 primum
1938 2686 2379 2769 intelleximuS‚
2425 2685 2583 2751 illud

245 2793 723 2875 αὐτάδελφον
754 2796 933 2876 αἷμα
981 2797 1105 2857 καὶ
1153 2801 1412 2858 κοινοῦ
1459 2795 1740 2874 πατρός
1787 2791 1979 2859 fixam
2043 2813 2187 2860 esse
2245 2792 2578 2859 formulam

243 2897 326 2962 ab
376 2899 692 2985 Aeschylo
741 2921 818 2966 cx
864 2902 1138 2967 Homero
1188 2900 1648 2986 depromptam,
1699 2899 1774 2964 cf.
1823 2919 1874 2964 e.
1923 2921 1984 2983 g.
2028 2901 2094 2964 M
2140 2901 2295 2964 371:

492 3064 600 3124 καί
640 3064 700 3125 οἱ
748 3062 1016 3143 Τεῦκρος
1062 3064 1162 3144 ἅμ’
1213 3062 1287 3145 ᾖε
1332 3063 1773 3144 κασίγνητος
1818 3064 1938 3125 καὶ
1987 3064 2369 3146 ὄπατρος,2

243 3218 351 3284 ubi
424 3221 629 3307 agitur
702 3222 785 3288 de
861 3222 1057 3288 Aiace
1128 3228 1190 3287 et
1257 3222 1505 3288 Teucro
1570 3220 1893 3306 fratribus,
1956 3224 2060 3305 qui
2121 3224 2378 3289 minime
2457 3223 2579 3289 dici

240 3332 503 3410 possunt
540 3330 905 3412 ὁμομήτριοι
928 3357 948 3406 ,·
986 3349 1191 3413 neque
1211 3329 1727 3413 Aeschylusipse
1761 3329 2144 3396 adiectivum
2171 3335 2579 3416 κασίγνητος·Β

240 3434 332 3498 ita
376 3435 823 3519 interpretatus
871 3441 984 3502 est.

386 3845 406 3884 ¹
445 3844 526 3899 Cf.
562 3843 976 3911 Wackernagel,
1017 3846 1085 3900 Κ.
1126 3846 1195 3897 Ζ.
1234 3844 1303 3898 33
1341 3844 1528 3914 (1895)
1565 3860 1619 3913 p.
1662 3844 1748 3900 14.

383 3952 406 3990 2
442 3951 781 4006 Adiectivum
825 3941 1059 4020 ἓπατρες
1111 3952 1415 4020 explicatur
1463 3969 1496 4007 a
1542 3953 1709 4008 schol.
1758 3955 1809 4006 A
1846 3953 1917 4008 ad
1961 3945 2005 4001 A
2050 3953 2152 4007 257
2201 3967 2211 4005 ε
2266 3943 2579 4022 &pha-»2⁶:903

243 4053 298 4101 et
333 4048 402 4102 ab
438 4049 618 4116 Apoll.
659 4049 824 4116 soph.
864 4047 1096 4116 121‚21:
1135 4048 1230 4099 τοῦ
1280 4042 1446 4099 αὐταῦ
1489 4039 1695 4119 πατρὶς
1737 4044 2005 4119 γεγονός.

381 4156 405 4195 ⁸
444 4155 582 4222 Quin
625 4157 790 4212 etiam
840 4156 906 4210 de
950 4155 1219 4210 adiectivo
1256 4155 1550 4212 Homerico
1595 4148 2059 4226 αὐτοκασίᾚητος
2103 4156 2340 4211 dubitari
2375 4162 2578 4226 potest,

241 4259 365 4298 num
404 4261 615 4314 semper
652 4244 946 4314 significet;
987 4238 1035 4294 οἱ
1076 4233 1138 4309 ἑξ
1183 4234 1498 4315 ἀμφοτέραν)
1541 4244 1650 4295 τῶν
1692 4238 1897 4314 γονέων
1942 4236 2195 4315 ἀδελφοί,
2244 4244 2312 4302 cf.
2349 4245 2581 4315 Ebeling

243 4348 282 4387 s.
321 4350 402 4402 v.;
456 4334 523 4389 de
561 4334 712 4389 cuius
749 4335 1000 4390 adiectivi
1039 4334 1245 4402 origine
1288 4349 1427 4389 nova
1465 4351 1637 4404 eaque
1676 4334 1987 4404 probabilia
2036 4337 2268 4405 protulit
2307 4336 2578 4394 Wacker-

240 4424 399 4489 nagel
445 4422 475 4477 1.
528 4425 561 4477 l.
623 4440 674 4492 p.
735 4425 801 4478 14
863 4442 940 4494 sq,
998 4424 1087 4492 qui
1145 4430 1303 4493 putat
1359 4424 1796 4494 distinguendum
1853 4439 2013 4482 esse:
2060 4417 2578 4495 αὐ-τοκασί-γνητες

241 4510 485 4590 (ἥπατι
518 4529 533 4572 :
574 4514 851 4592 τεκοῦσα).
