3250 5117
1279 433 1355 441 ..-
1440 401 1678 459 43-

288 609 479 674 enim
543 611 821 675 carmina
881 629 1108 674 ansam
1182 608 1515 673 dubitandi
1579 609 2012 693 praebebant:
2074 611 2151 675 iis
2216 611 2322 693 qui
2381 613 2479 675 ἐπὶ
2542 612 2666 694 ἦρα

279 719 600 799 φέροντες
647 716 1090 795 distinxerunt,
1152 715 1327 781 licuit
1398 735 1753 799 provocare
1821 716 1905 780 ad
1970 717 2030 779 Ξ
2060 717 2216 782 132;
2280 719 2483 800 θυμῷ
2543 718 2668 800 ἦρα

289 826 626 904 φέροντες,
674 823 783 888 ubi
830 822 1210 906 simpliciter
1259 842 1384 886 vox
1435 823 1559 906 ἤρα
1606 823 1877 915 legitur,
1933 824 2039 905 qui
2100 826 2319 907 ἐπίηρα
2379 824 2677 908 coniungi

288 931 686 1014 maluerunt,
734 949 770 992 e
816 928 1159 1013 prosodiae
1206 930 1457 1013 legibus
1504 930 1860 995 sententiae
1924 949 2079 994 suae
2136 930 2415 997 rationes
2478 950 2660 1015 repe-

309 1036 546 1102 tivisse
614 1036 913 1101 credendi
991 1042 1171 1101 sunt:
1250 1038 1419 1100 male
1481 1036 1660 1101 hiare
1718 1036 2089 1117 orationem,
2152 1039 2204 1101 si
2271 1037 2395 1102 duo
2462 1044 2678 1102 essent

298 1143 630 1207 vocabula
677 1145 775 1206 ἐπὶ
811 1144 958 1226 ἤρα,
1008 1148 1235 1207 contra
1271 1143 1338 1207 in
1375 1144 1724 1227 composito
1763 1145 1984 1226 ἐπίηρα
2020 1143 2260 1207 hiatum
2289 1142 2443 1208 ferri
2478 1163 2672 1229 posse

300 1249 420 1330 (cf.
471 1252 782 1331 ἐπίουρος,
830 1250 1166 1331 ἐπίορκος).
1207 1248 1291 1314 Hi
1338 1269 1493 1333 ergo
1542 1249 1667 1315 duo
1716 1250 2034 1315 vocabula
2077 1251 2201 1333 ἦρα
2252 1256 2316 1315 et
2362 1250 2673 1338 composi-

311 1363 451 1420 tum
498 1359 720 1440 ἐπίηρα
772 1355 998 1420 eadem
1046 1355 1513 1438 significatione
1553 1377 1611 1439 q.
1661 1376 1714 1421 e.
1776 1359 1956 1439 χάριν
2017 1358 2098 1421 ab
2155 1358 2433 1422 Homero
2498 1376 2676 1421 usur·

316 1469 476 1546 pata
520 1482 663 1529 esse
711 1468 1081 1528 statuerunt.

494 1596 703 1677 Atque
753 1595 1182 1680 Bacchylides
1229 1595 1294 1660 X
1347 1597 1505 1662 1921

1068 1769 1134 1829 ἓν
1179 1767 1379 1848 πεδίῳ
1427 1769 1718 1849 στέφανοι

1068 1873 1308 1953 Κίρρας
1354 1875 1580 1938 ἔπεσον
1624 1880 1932 1956 κρατερᾶς

1067 1978 1213 2061 ἤρα
1259 1982 1581 2044 παννίκοιο
1629 1980 1847 2049 πάλας.

313 2147 702 2212 vocabulum
750 2146 1021 2230 simplex
1069 2147 1194 2229 ἦρα
1234 2146 1540 2227 adhibuit,
1572 2153 1644 2211 ut
1679 2147 1854 2211 illum
1893 2149 1991 2211 ἐπὶ
2027 2147 2151 2230 ἤρα
2189 2148 2407 2228 φέρων
2443 2145 2677 2231 legisse

317 2250 717 2332 conieceris3
766 2273 1152 2334 quamquam
1200 2252 1525 2317 fatendum
1573 2261 1693 2335 est,
1738 2253 1862 2318 hoc
1907 2259 2248 2337 propterea
2308 2272 2435 2316 non
2493 2250 2678 2315 nimis

319 2364 566 2448 certum
615 2377 780 2438 esse,
830 2359 980 2440 quia
1025 2358 1166 2423 fieri
1241 2365 1475 2442 potest,
1535 2366 1604 2423 ut
1669 2366 1864 2444 poeta
1933 2358 2100 2424 Ceus
2173 2357 2257 2423 ad
2320 2358 2677 2442 exemplum

317 2484 546 2530 versus
586 2466 645 2527 Ξ
667 2462 824 2529 132:
872 2466 1074 2547 θυμῷ
1120 2466 1244 2548 ἦρα
1295 2469 1591 2549 φέροντες
1638 2467 1841 2531 verba
1886 2485 2000 2530 sua
2047 2464 2297 2528 finxerit
2344 2472 2451 2528 aut
2521 2462 2678 2529 illud

317 2573 446 2655 ἦρα
530 2572 694 2636 sicut
773 2572 1191 2636 Alexandrini
1222 2615 1229 2623 ·
1264 2574 1443 2638 vocis
1508 2576 1690 2655 χάριν
1755 2576 1897 2638 loco
1965 2572 2311 2657 posuerit.2
2386 2569 2518 2636 Sed
2596 2568 2678 2632 de

318 2678 640 2761 Sophocle
709 2684 950 2742 certum
1021 2678 1397 2760 praedicare
1460 2678 1632 2744 licet.
1701 2679 2067 2744 Praefracte
2133 2678 2299 2744 enim
2364 2695 2679 2759 negamus

312 2792 573 2868 poetam
618 2784 1075 2849 Atheniensem
1128 2787 1309 2871 leges
1357 2792 1423 2850 et
1459 2786 1885 2870 proprietates
1922 2786 2259 2871 prosodiae
2299 2783 2676 2849 Homericae

314 2891 382 2953 in
432 2890 814 2955 carminibus
864 2892 1215 2957 condendis
1264 2892 1358 2955 ita
1405 2912 1549 2957 esse
1594 2900 1901 2973 secutum,
1948 2902 2016 2957 ut
2064 2911 2218 2957 suae
2264 2893 2416 2956 artis
2464 2890 2677 2971 legem

317 3012 483 3072 eam,
533 3012 695 3073 quae
745 2993 1142 3077 exceptionis
1180 2994 1520 3078 impatiens
1569 3000 1687 3074 est,
1735 2996 1946 3078 legem
1986 2995 2129 3062 dico
2178 2995 2255 3060 de
2295 2996 2474 3059 hiatu
2510 2996 2678 3059 intra

318 3100 504 3163 metri
550 3097 709 3164 fines
757 3097 1044 3181 vitando,
1103 3100 1374 3164 violaret
1420 3107 1609 3183 atquc
1662 3109 2017 3185 everteret3
2057 3103 2226 3185 quod
2273 3102 2552 3182 fecisset,
2622 3103 2675 3166 si

316 3201 417 3263 ἐπὶ
454 3201 578 3283 ἤρα
617 3203 888 3283 φέροντα
926 3201 1218 3266 versibus
1256 3203 1387 3267 suis
1416 3203 1814 3269 inculcasset.
1858 3203 2212 3289 Sophocles
2250 3206 2305 3270 si
2338 3206 2678 3273 dictionem

315 3306 494 3370 illam
542 3307 996 3390 interpretatus
1044 3314 1250 3372 esset:
1334 3310 1458 3391 ἤρα
1521 3312 1860 3393 ἐπιφέρων,
1926 3311 1992 3375 in
2046 3314 2232 3377 tmesi
2295 3335 2422 3379 non
2475 3316 2681 3399 potuit

317 3427 445 3471 non
494 3408 743 3473 dicere:
792 3411 896 3472 ἐπ’
952 3409 1075 3492 ἦρα
1113 3413 1403 3492 φέροντα.
1451 3411 1630 3497 Ergo
1679 3414 1949 3497 ἐπίηρα
1998 3418 2327 3497 φέροντα
2365 3417 2679 3486 intellexit

317 3513 480 3596 legit
526 3515 795 3599 scripsit.
845 3515 947 3579 Ad
993 3522 1245 3580 tantam
1291 3515 1484 3602 igitur
1531 3519 1975 3601 antiquitatem
2035 3524 2349 3588 sententia
2412 3527 2679 3608 recedit,

319 3638 512 3701 quam
560 3620 945 3686 scholiastae
991 3622 1328 3705 perhibent
1372 3623 1571 3690 fuisse
1607 3624 1976 3690 Aristarchi.

510 4064 529 4093 ¹
568 4061 650 4120 Cf.
687 4062 987 4133 Pherecyd.
1045 4066 1162 4134 Syr.
1227 4065 1698 4138 (Grenfell-Hunt‚
1745 4069 1927 4125 Greek
1976 4072 2183 4141 Papyri
2235 4072 2288 4124 11
2335 4090 2389 4140 p.
2437 4074 2504 4126 21
2561 4074 2675 4143 sq):

325 4148 386 4206 σὺ
431 4148 490 4207 δέ
535 4170 629 4224 μοι
671 4155 838 4229 χαῖρε
866 4151 960 4211 καὶ
994 4150 1184 4233 [ἦ]ρ[α]
1218 4153 1333 4213 ἴσθι
1380 4157 1525 4223 quod
1581 4157 1739 4213 Diels
1793 4161 1954 4213 Sitz.‘
1991 4161 2208 4215 Berlin.
2265 4161 2462 4234 Acacl.
2515 4162 2671 4229 1897,

322 4255 378 4308 p.
417 4241 562 4294 1482
601 4245 846 4300 coniecit.

507 4356 530 4393 2
569 4353 653 4409 cf.
693 4355 911 4414 wilam.
952 4360 1110 4415 Gb‘tt.
1158 4363 1270 4431 yet.
1322 4374 1474 4421 Am..
1515 4385 1566 4437 p.
1617 4369 1723 4422 154
1776 4375 1831 4424 et
1878 4370 2029 4424 schol
2076 4349 2443 4427 A‘adA572:
2508 4366 2557 4426 οἱ
2621 4368 2680 4426 δὲ

320 4443 578 4523 νεώτεροι
622 4450 739 4509 ἀντὶ
785 4453 1077 4528 συνδέσμου
1124 4456 1408 4529 αἰτεὼἓσυς
1449 4470 1718 4539 χρῶνται,
1766 4462 1884 4522 ἀντὶ
1926 4469 2022 4520 τεῦ·
2066 4463 2250 4539 χάριν,
2298 4461 2476 4518 ἕνεκα.
