3250 5117
1224 390 1622 445 -41-

503 579 834 660 θρώσκων
879 601 966 645 τις
1011 574 1168 638 κατὰ
1215 581 1388 656 κῦμα
1434 574 1797 655 μέλαιναν
1852 574 2061 654 φρῖχ’
2114 571 2352 647 ὑπαΐξει

239 751 309 811 et
370 747 407 809 ὁ
454 744 620 809 402ε
667 743 987 826 μελαίνῃ
1036 744 1257 824 φρικὶ
1303 742 1668 823 καλυφθείς,
1697 751 1843 820 'quo
1891 738 2127 804 factum
2173 747 2288 819 effi,
2332 747 2400 803 Ul:
2436 739 2600 823 prin-

241 851 445 936 cipali
489 851 605 915 illa
648 849 927 914 horroris
980 847 1444 931 significatione
1490 848 1791 930 neglecta
1835 847 1997 931 nigri
2047 845 2276 911 coloris
2340 855 2604 927 tautum,

241 957 354 1040 qui
429 957 616 1023 Simul
687 955 969 1020 exoritur
1045 954 1323 1041 (μελάνει
1399 955 1470 1017 δέ
1533 979 1595 1017 τε
1667 956 1896 1024 πόντος
1959 956 2071 1016 ὑπ’
2139 955 2328 1035 αὐτῇς
2396 955 2468 1015 H
2492 955 2604 1035 [34)

235 1070 552 1129 maneret.
603 1100 690 1110 —-

429 1172 578 1235 Jam
605 1169 941 1233 redeamus
978 1166 1062 1232 ad
1109 1166 1445 1251 Sophoclis
1476 1187 1699 1233 versus
1729 1187 1921 1251 supra
1954 1167 2340 1249 exsc1·ipto.⁶÷3
2380 1167 2604 1247 quihus

238 1277 307 1340 in
360 1275 816 1360 componendis
863 1282 1038 1339 cerlo
1088 1280 1319 1358 poetae
1372 1273 1580 1338 animo
1631 1274 2008 1339 obversatus
2057 1277 2154 1337 est
2197 1272 2308 1367 ³¹1⁴.ss
2348 1275 2604 1335 Homeri

240 1385 427 1448 locus
464 1384 544 1445 Η
554 1382 678 1463 633
725 1402 875 1445 nam
905 1386 1172 1463 utroque
1204 1381 1347 1444 loco
1389 1379 1733 1464 descriptio
1774 1381 2068 1461 aequoris
2106 1385 2296 1443 ventu
2336 1379 2604 1463 primum

243 1490 574 1553 cooriente
621 1488 850 1553 leviter
897 1487 1124 1570 agitati
1176 1486 1260 1551 ad
1307 1486 1743 1551 exornandam
1801 1485 2292 1570 comparationis
2340 1487 2600 1567 figuram

247 1596 593 1661 oratoriam
640 1594 978 1678 adsumpta
1026 1600 1158 1676 est3
1233 1592 1487 1658 accedit
1566 1593 1737 1673 quod
1799 1594 1956 1657 illud
2023 1593 2332 1674 ἐπιδράμῃ
2408 1595 2604 1655 mani-

242 1702 415 1767 festo
463 1702 720 1786 respicit
767 1703 1027 1774 Homeri
1076 1704 1330 1785 ἐχεύατο
1377 1703 1605 1765 πόντον
1670 1704 1783 1763 ἔπι.
1849 1698 2034 1776 Quod
2093 1699 2146 1763 si
2208 1699 2600 1781 probaveris,

246 1807 570 1873 concedes
615 1809 1004 1892 Sophoclem
1064 1814 1353 1873 secutum
1419 1828 1558 1896 esse
1630 1805 2123 1891 explicationem
2189 1824 2348 1883 eam,
2416 1823 2604 1887 quum

245 1921 636 2000 postremam
685 1935 877 2000 supra
926 1894 1556 1981 commemoravimus
1604 1914 1828 1998 (schol.
1875 1914 2017 1975 EH
2056 1912 2139 1976 ad
2188 1914 2224 1975 ὁ
2255 1911 2432 1995 402),
2480 1931 2604 1991 qua

243 2025 400 2105 φρίξ
446 2022 858 2088 describitur:
908 2026 946 2106 ἡ
987 2026 1388 2106 ἐπιγενομένη
1420 2003 1724 2104 μελανία.ι
1778 2018 1984 2097 Quam
2019 2019 2604 2101 interpretationem

243 2128 585 2212 Sophoclis
653 2148 795 2194 esse
856 2129 984 2193 iam
1048 2129 1363 2212 Bergkius
1427 2134 1690 2212 putasse
1755 2124 2025 2205 videtur,
2093 2132 2284 2206 atque
2348 2127 2468 2187 hac
2536 2147 2600 2187 re

244 2236 388 2317 ipsa
439 2235 662 2301 doctus
707 2237 817 2300 ille
869 2236 966 2300 vir
1010 2235 1183 2300 haud
1223 2236 1356 2300 scio
1402 2235 1488 2298 >an
1536 2238 1883 2299 commotus
1928 2234 2031 2315 sit,
2081 2240 2146 2295 ut
2188 2231 2344 2295 illud
2388 2235 2604 2315 :lige-fin:

244 2344 563 2425 ὕφαλον
599 2340 776 2426 (Ant.
811 2344 970 2425 5⁵37)
1010 2344 1076 2407 in
1114 2344 1349 2425 ἔφαλον
1377 2347 1686 2422 mutaret3
1727 2359 2109 2421 quamquam
2146 2339 2312 2402 illius
2356 2339 2600 2403 cunien-

243 2456 455 2514 turam
501 2452 775 2533 probare
822 2469 1093 2531 nequeO,
1161 2468 1300 2514 cum
1367 2450 1599 2531 ἔφαλος
1664 2467 1919 2532 semper
1969 2446 2076 2532 (cf.
2142 2466 2194 2510 e.
2247 2469 2312 2531 g*
2384 2447 2600 2523 &emim

242 2556 469 2619 κλισίαι
513 2560 618 2620 Ai.
674 2557 824 2639 191)
872 2558 1187 2640 significet
1238 2556 1342 2638 „in
1388 2556 1572 2620 litore
1621 2554 1847 2619 situs“.

430 2662 654 2728 Totius
703 2671 916 2727 autem
964 2663 1351 2744 quaestionis
1401 2663 1453 2727 si
1500 2681 1806 2726 summam
1854 2659 2031 2742 facis,
2073 2667 2340 2744 apparet
2368 2659 2604 2719 Hume—

245 2769 444 2833 ricum
491 2768 651 2833 illud
698 2773 848 2853 φρίξ
894 2790 1098 2849 neque
1151 2768 1434 2851 „frigus“
1478 2767 1862 2852 significare,
1925 2776 1991 2831 ut
2044 2767 2324 2831 nonnulli
2388 2763 2600 2827 vulue-

246 2882 388 2939 runt
435 2876 542 2961 (cf.
592 2878 786 2941 schol.
842 2878 902 2939 A
953 2866 1037 2940 ad
1101 2874 1346 2955 45126)
1403 2894 1609 2956 neque
1685 2893 2012 2957 „spumam
2077 2871 2268 2936 maris
2336 2871 2596 2955 primum

246 2988 437 3046 vento
479 2984 770 3065 agitati“,
810 2988 878 3046 ut
915 2983 1024 3047 alii
1061 2981 1168 3067 (cf.
1211 2981 1408 3046 schol.
1448 2982 1578 3046 AD
1617 2980 1697 3044 ad
1739 2980 1817 3042 H
1834 2980 1945 3064 63)
1976 2998 2179 3061 neque
2217 2978 2600 3059 Suphuclem

248 3095 421 3153 recte
469 3089 729 3170 vidisse,
800 3109 939 3154 cum
1011 3088 1426 3174 paraphrasi:
1493 3091 1641 3151 ὅταν
1702 3090 1919 3170 ’ἑρεβος
1981 3087 2227 3168 ὕφαλον
2288 3087 2596 3163 ἓπηὶὲπὲμῃ

248 3213 398 3259 usus
439 3201 556 3276 est,
624 3196 742 3261 sed
800 3196 1240 3261 Aristarchum
1308 3194 1671 3280 primariam
1735 3193 1905 3257 illius
1969 3193 2222 3278 glossae
2288 3187 2596 3275 siguifica-

253 3300 488 3365 tionem
544 3302 936 3368 intellexisse
1006 3322 1167 3385 quae
1234 3308 1365 3367 est:
1453 3302 1684 3385 „maris
1750 3300 2076 3365 exoriente
2159 3307 2348 3362 ventu
2428 3295 2600 3359 uitali

242 3405 523 3474 horror.“
1378 3413 1381 3414 ’

424 3648 561 3715 ΟΒ.
615 3647 803 3713 1095.

1373 3768 1466 3835 ὡς
1513 3766 1788 3847 ἐπίηρα
1836 3766 2172 3845 φέροντα

996 3878 1116 3940 τοῖς
1167 3873 1340 3953 ἐμοῖς
1388 3873 1726 3953 τυράννοις.

240 4267 328 4321 An
423 4186 443 4223 1
480 4182 707 4237 Rectam
757 4184 1092 4253 eandemque
1142 4185 1410 4239 illustrem
1469 4185 1742 4254 poeticam
1794 4181 2304 4252 interpretationem
2360 4179 2600 4235 ini-enies

330 4270 409 4325 th.
447 4271 564 4326 Pal.
594 4272 646 4324 X
683 4274 754 4327 2:

740 4360 983 4437 ἀκμαῖος
1027 4362 1189 4441 giezin
1233 4362 1320 4437 νηὶ
1366 4362 1592 4441 δρόμος,
1640 4360 1763 4420 οὐδὲ
1802 4361 2068 4420 ,θάλασσα

721 4458 977 4534 πορφύρει
1022 4462 1264 4537 τρεμερῇ
1309 4455 1454 4535 φρικὶ
1496 4458 1907 4535 χαρασσομένη.
