3250 5117
1281 458 1360 467 ...
1443 426 1682 483 37-

479 612 572 679 Αἰ.
614 609 822 676 1346:

625 778 702 842 σὺ
737 779 931 850 ταῦτ’,
968 777 1309 854 Ὀδυσσεῦ,
1356 775 1558 839 τοῦδ’
1609 777 2073 859 ὑπερμαχεῖς
2117 778 2316 860 ἕμοί,·

484 944 703 1011 Verbo
734 946 1123 1027 ὕπερμαχέω
1163 942 1365 1007 rarius
1393 941 1493 1008 usi
1520 948 1666 1007 sunt
1692 942 1917 1030 tragici
1951 949 2207 1027 poetae,
2239 963 2378 1009 cum
2398 951 2661 1028 praeter

279 1050 693 1137 :Sophoclem
730 1068 856 1115 uno
894 1055 1137 1114 tantum
1175 1048 1498 1133 Euripidis
1535 1048 1678 1115 loco
1715 1047 2074 1114 inveniatur
2112 1049 2222 1136 (cf.
2261 1049 2425 1115 infra
2462 1051 2546 1116 ad
2564 1051 2656 1138 1);

279 1157 535 1224 eodem
584 1166 796 1227 autem
861 1179 1051 1226 sensu
1097 1159 1454 1244 Sophocles
1518 1160 1788 1225 verbum
1844 1161 2234 1244 ὑπερμάχο
2246 1183 2379 1242 μαι
2445 1156 2659 1242 posuit

272 1266 379 1330 20.
426 1268 504 1330 R.
553 1265 723 1331 258:

822 1433 949 1514 ἐγὼ
995 1454 1072 1497 το
1085 1439 1123 1495 ὕ
1139 1433 1197 1495 δ’
1216 1478 1234 1513 ,
1282 1434 1553 1517 ὡσπερεὶ
1598 1434 1837 1515 τούμοῦ
1883 1434 2137 1516 πατρός,

820 1541 1457 1621 ὗπερμαχοῦμαι.

354 1789 359 1794 ,
489 1718 731 1797 Quibus
793 1718 1009 1787 verbis
1072 1739 1452 1803 quamquam
1509 1720 1743 1785 tralato
1798 1725 1991 1805 poeta
2043 1738 2195 1786 usus
2260 1724 2379 1801 est,
2444 1723 2659 1783 tamen

280 1845 474 1911 -quae
509 1827 770 1911 propria
801 1845 1019 1891 eorum
1065 1826 1442 1913 significatio
1481 1827 1585 1906 sit,
1631 1825 1825 1892 facile
1873 1825 2290 1912 cognoscitur.
2337 1826 2455 1889 Est
2492 1825 2660 1888 enim

297 1937 688 2019 ὑπερμαχεῖν
748 1935 906 1999 nihil
970 1933 1145 1999 aliud
1179 1934 1325 1999 'nisi
1389 1953 1661 2018 „corpus
1708 1933 1829 1998 viri
1891 1933 2158 1999 iacentis
2224 1934 2306 2000 ab
2371 1931 2660 1998 hostibus

297 2039 809 2126 ingredientibus
858 2024 1272 2121 defendere“‚
1335 2059 1500 2122 quae
1547 2038 1928 2122 significatio
1977 2038 2214 2123 optime
2261 2039 2530 2120 quadrat
2576 2036 2657 2102 ad

296 2153 588 2212 nostrum
629 2147 839 2212 locum
903 2150 1008 2212 Αἱ.
1064 2146 1256 2227 1346,
1321 2147 1432 2216 ubi
1480 2145 1693 2228 agitur
1755 2145 1836 2211 de
1882 2144 2099 2210 Aiacis
2146 2163 2431 2228 corpore,
2489 2142 2661 2224 quod

277 2252 531 2319 >Ulixes
599 2254 682 2318 ab
745 2252 1238 2337 Agamemnonis
1304 2252 1601 2317 manibus
1664 2257 1896 2317 tuetur.
1959 2251 2308 2342 Praeterea
2369 2249 2659 2314 invenies

272 2358 466 2424 dllud
510 2362 892 2444 ὑπερμαχεῖν
937 2358 1152 2445 Antiy.
1205 2358 1371 2423 194:

695 2539 1018 2603 Ἐτεοκλέα
1063 2541 1202 2622 μέν,
1253 2540 1324 2608 ὃς
1369 2537 1662 2606 πόλεως
1708 2538 2242 2618 ὑπερμαχῶν,1

270 2719 418 2786 *ubi
461 2671 718 2803 proprie
768 2718 1006 2784 dictum
1053 2725 1153 2784 est
1198 2717 1280 2784 dc
1317 2719 1474 2783 urbe
1512 2717 1965 2783 Thebanorum
2013 2717 2095 2782 ab
2131 2716 2394 2784 Eteocle
2444 2720 2664 2781 contra

276 2827 523 2893 ‘hostes
571 2823 855 2890 defensa.

488 2957 627 3036 Quo
688 2958 887 3024 verbo
952 2960 1353 3041 ὑπερμαχεῖν,
1420 2956 1592 3038 quod
1658 2958 1741 3023 de
1802 2958 1957 3022 urbe
2022 2955 2262 3021 tuenda
2323 2961 2516 3035 atque
2581 2952 2662 3019 de

272 3084 577 3154 corpore
624 3064 855 3128 mortui
902 3062 1306 3129 defendendo
1357 3062 1604 3144 dicitur,
1661 3061 2015 3148 Sophocles
2059 3063 2324 3128 verbum
2370 3057 2665 3126 Homel‘i-

300 3189 456 3236 cum
499 3172 992 3253 ἀμφιβαίνειν
1036 3168 1489 3253 interpretatus
1537 3187 1682 3234 esse
1728 3167 1999 3235 videtur.
2050 3166 2235 3246 Quod
2270 3165 2462 3232 facile
2495 3145 2665 3230 mihi

280 3275 649 3359 concedas,
698 3276 752 3341 si
801 3295 942 3341 cum
984 3274 1052 3338 E
1093 3274 1221 3341 297
1271 3295 1427 3358 sqq:

527 3460 774 3529 Αἰνείας
821 3460 879 3522 δ’
932 3459 1251 3542 ἀπόρουσε
1297 3460 1410 3524 σὺν
1457 3460 1666 3523 ἀσπίδι
1713 3460 1898 3540 δουρί
1927 3483 1990 3521 τε
2033 3465 2272 3540 μακρῷ

529 3565 754 3639 δείσας,
802 3567 901 3648 μή
950 3568 1112 3635 πώς
1159 3568 1228 3630 οἱ
1272 3567 1679 3648 ἐρυσαίατο
1727 3564 2000 3648 νεκρὸν
2037 3564 2346 3646 Ἀχαιοί·

532 3672 729 3754 ἀμφὶ
777 3673 835 3734 δ’
887 3674 980 3753 ἄρ’
1033 3674 1208 3755 αὐτῷ
1250 3675 1461 3756 βαῖνε
1505 3674 1668 3737 λέων
1714 3674 1808 3742 ὣς
1854 3672 1992 3734 ἀλκὶ
2036 3670 2365 3741 πεποιθώς

275 3852 789 3937 ‹comparaveris
850 3852 1063 3937 Apoll.
1130 3852 1326 3948 Soph.
1396 3853 1502 3938 27,
1555 3850 1643 3916 25
1703 3872 1753 3917 s.
1812 3870 1874 3916 v.
1938 3849 2299 3934 ἅμφίβασις·
2363 3850 2470 3913 καὶ
2525 3848 2667 3933 περὶ

176 3998 182 4005 -
305 3958 646 4024 Μενελάου
702 3961 1329 4043 ὑπερμαχοῦντος
1373 3967 1482 4025 τοῦ
1532 3962 1830 4041 σώματος
1874 3958 2252 4042 Πατρόκλου
2312 3957 2555 4042 ῃᾶμφὶ
2601 3956 2661 4020 δ’

533 4333 570 4398 ι’
594 4349 676 4406 Cf.
711 4350 996 4419 Euripidis
1070 4353 1281 4407 Phoen.
1355 4350 1533 4404 1252:
1631 4349 1934 4410 Ἐτεοκλέα
1985 4350 2036 4409 δ’
2091 4344 2177 4408 αὖ·
2242 4357 2337 4410 νῦν
2396 4350 2666 4420 πόλεως

226 4509 237 4518 ,
274 4440 780 4524 ὑπερμαχεῖς,
823 4445 918 4513 qui
953 4458 1146 4501 versus
1203 4460 1236 4500 e
1283 4443 1554 4530 Sophocle
1600 4443 1673 4499 ad
1718 4443 1941 4498 verbum
1988 4441 2107 4499 fere
2154 4443 2513 4512 depromptus
2558 4445 2666 4498 est.
