3250 5117
1228 391 1620 447 -49--

435 570 625 649 Quod
677 591 818 635 cum
865 571 1115 654 scripsit
1161 570 1537 655 Sophocles,
1586 578 1759 637 certo
1807 571 2015 636 animo
2064 571 2201 637 eius
2239 571 2613 637 observatus

222 681 339 741 est
392 677 667 743 illustris
714 678 824 742 ille
862 678 1047 742 iocus
1093 677 1353 742 Homeri
1395 678 1609 742 0187
1660 697 1799 760 sqq,
1866 678 1976 742 ubi
2041 677 2394 761 exponitur,
2462 697 2611 759 quo-

219 782 447 848 modo
498 789 627 849 tres
664 784 757 848 illi
796 784 881 864 di,
920 784 1027 865 qui
1065 785 1292 848 summi
1331 792 1649 867 putantur,
1699 784 1996 869 Juppiter
2030 785 2218 848 Pluto
2257 784 2611 867 Neptunus,

221 889 560 953 mundum
621 890 789 954 inter
862 909 931 954 se
1009 890 1457 956 distribuerint.
1528 891 1629 954 De
1706 891 1976 956 Plutone
2054 897 2267 955 autem
2340 891 2611 973 legimus

221 994 501 1060 ibidem
556 996 614 1059 O
656 996 772 1059 191
811 1019 824 1057 ε
865 997 1109 1079 Ἀίδης
1156 998 1224 1059 δὲ
1260 997 1443 1078 λάχεν
1491 999 1738 1079 ζόφον
1774 998 2161 1079 ἠερόεντα,
2204 995 2372 1078 quod
2412 998 2612 1081 expli-

227 1108 345 1165 cat
400 1102 619 1185 Apoll.
666 1101 864 1184 Soph.
913 1101 1066 1181 81‚5
1135 1108 1326 1183 atque
1392 1102 1678 1167 similiter
1740 1102 2098 1186 Hesychius
2161 1122 2210 1167 s,
2280 1122 2335 1165 V.
2409 1104 2611 1185 ζόφον

222 1210 575 1290 ἠερόεντα;
595 1209 701 1272 τὸν
721 1209 930 1271 Ἀίδου
960 1210 1153 1272 τόπον
1181 1210 1528 1291 ὁμιχλώδη·
1557 1210 1713 1289 λέγει
1744 1210 1811 1272 δὲ
1839 1211 1875 1272 ὁ
1903 1210 2160 1292 ποιητὴς
2187 1211 2293 1271 καὶ
2320 1209 2398 1272 τὸ
2432 1210 2608 1272 σκό-

222 1338 366 1385 τος
422 1316 532 1377 καὶ
576 1316 685 1397 τὴν
735 1315 913 1377 δύσιν
951 1315 1165 1395 ζόφον.
1205 1314 1559 1398 Sophocles
1599 1321 1810 1379 autem
1846 1335 1985 1379 cum
2024 1315 2178 1379 dicit
2227 1315 2367 1379 loeo
2418 1334 2611 1397 supra

201 1422 600 1505 ,exscrith
650 1437 772 1501 quo
821 1418 1081 1483 eosdem
1130 1421 1284 1484 deos
1331 1419 1605 1485 inducit:
1655 1423 1805 1485 οὐδὲ
1850 1423 1955 1485 τὸν
1993 1424 2304 1503 ἔννυχον
2339 1422 2605 1498 Ἅιδαν,1

229 1526 424 1608 quod
474 1525 667 1591 schol.
714 1526 934 1590 vertit:
980 1511 1087 1590 τὸν
1152 1529 1230 1590 ἕν
1295 1529 1541 1610 σκότῳ
1609 1528 2012 1611 διατρίβοντα,
2079 1527 2351 1590 eandem
2418 1526 2605 1591 inter·

227 1633 670 1717 pretationem
719 1638 1135 1724 secutus‘est.
1185 1669 1270 1677 ——

434 1738 620 1815 Quod
694 1739 919 1803 attinet
993 1737 1075 1802 ad
1150 1738 1428 1823 Neptuni
1501 1739 1833 1824 epitheton
1898 1742 2361 1820 ἕνοσίγαιος,
2438 1740 2607 1821 quod

231 1844 478 1909 eodem
526 1846 665 1911 loco
710 1846 767 1909 O
800 1845 926 1908 184
973 1845 1624 1931 legitur,'Sophocles
1675 1849 1869 1911 etiam
1917 1846 2079 1912 hanc
2126 1865 2350 1911 vocem
2419 1867 2607 1929 para-

228 1951 469 2034 phrasi
558 1971 710 2017 usus
798 1952 1286 2035 interpretatur:
1358 1954 1784 2017 Ποσειδάωνα
1855 1955 2270 2033 τινάκτορα
2355 1956 2602 2035 γαίας,

232 2077 372 2137 qua
422 2058 490 2121 in
536 2077 606 2122 re
652 2078 777 2122 non
827 2058 1122 2122 dissentit
1169 2060 1249 2122 ab
1284 2059 2003 2143 Hesychioe’vooc‘yatog·
2046 2061 2231 2122 σείων
2267 2062 2372 2132 καὶ
2409 2067 2605 2123 κινῶν

228 2165 351 2245 τὴν
404 2172 536 2247 γῆν.
584 2165 714 2230 Sed
763 2185 913 2228 num
950 2172 1135 2243 ‘recta
1181 2165 1261 2229 sit
1309 2164 1469 2230 haec
1516 2165 1979 2249 interpretatiO,
2027 2166 2258 2230 nostris
2305 2165 2604 2249 tempori-

232 2271 361 2335 bus
415 2271 855 2335 addubitatum
914 2279 1028 2337 est.
1100 2272 1347 2337 Goebel
1413 2272 1578 2335 enim
1643 2274 1972 2357 (Zeitschr.
2033 2274 2096 2357 f.
2160 2281 2303 2336 δεῖν.
2376 2274 2601 2359 Gymn.
2721 2262 2723 2265 ’

238 2377 423 2441 1876
471 2398 533 2462 p.
586 2377 714 2441 246
765 2378 864 2461 sq)
910 2379 1194 2464 permira
1242 2378 1517 2459 quadam
1563 2380 1810 2443 ratione
1857 2378 2167 2462 probasse
2232 2379 2355 2444 sibi
2423 2379 2603 2442 vide-

237 2488 379 2574 tur.
410 2482 737 2568 epitheton
777 2487 1116 2567 ἓνοσίγαιος
1153 2484 1307 2548 nihil
1347 2485 1522 2548 aliud
1561 2485 1924 2568 significare
1953 2484 2075 2549 nisi
2105 2483 2598 2569 „erdenetzend,

229 2588 843 2655 Erdbewasserer“.
894 2587 1012 2655 Oui
1056 2571 1660 2671 haud’que‘mquam
1696 2598 1980 2655 nostrum
2016 2609 2418 2655 assensurum
2459 2608 2605 2654 esse

235 2695 532 2778 confid03
579 2718 726 2761 nam
773 2699 944 2780 apud
982 2697 1325 2762 Homerum
1363 2698 1569 2781 ipsum
1606 2678 1948 2781 Neptunus*
1977 2697 2291 2762 inducitur
2329 2696 2600 2760 tridente

234 2821 353 2867 suo
425 2809 490 2865 et
553 2822 726 2866 mare
794 2809 1338 2886 tempestatesque
1408 2823 1811 2869 commovens
1875 2831 1904 2867 ε
1950 2804 2074 2867 291
2150 2824 2246 2884 sq,
2316 2810 2381 2867 et
2441 2823 2603 2867 saxa

234 2907 545 2991 frangens
594 2911 631 2972 δ
677 2910 829 2989 506,
878 2916 942 2974 et
988 2916 1223 2974 terram
1271 2910 1473 2993 ipsam
1523 2910 1891 2974 concutiens
1950 2910 2122 2975 Y57
2158 2933 2172 2971 :

1123 3078 1319 3160 αὐτὰρ
1366 3080 1582 3160 ἔνερθε
1629 3077 2010 3143 Ποσειδάων
2056 3081 2385 3151 ἐτίναξεν

628 3189 847 3264 γαῖαν
894 3184 1251 3266 ἀπειρεσίην
1296 3184 1502 3265 ὀρέων
1547 3187 1603 3247 τ’
1656 3185 1895 3249 αἰπεινὰ
1942 3187 2205 3267 κάρηνα.

425 3337 642 3423 Quid?
689 3348 855 3429 quod
907 3349 1243 3432 Neptunus
1282 3349 1642 3433 appellatur
1688 3351 1872 3416 Hom.
1922 3352 2085 3436 hym.
2133 3349 2353 3429 XXII,
2404 3348 2481 3412 2.

606 3516 823 3596 γαίης
867 3522 1250 3598 κινητῆρα
1297 3516 1403 3579 καὶ
1449 3517 1804 3598 ἀτρυγέτοιο
1849 3515 2191 3598 θαλάσσης.

234 3679 392 3743 velt
441 3682 478 3743 ὁ
522 3683 778 3765 κινητὴρ
827 3684 895 3746 δὲ
942 3690 1054 3766 γᾶς
1100 3683 1353 3748 Pindar.
1399 3685 1617 3749 Isthm.
1665 3683 1776 3764 IV,
1813 3683 1915 3763 19,
1960 3682 2354 3762 Ἐλελίχθων
2412 3680 2593 3766 Pyth.

236 3782 352 3865 VI,
384 3784 495 3866 50,
558 3788 816 3870 Κρόνου
876 3791 1212 3872 σεισίχθὲον
1278 3791 1413 3861 υἱός
1464 3791 1680 3855 Isthm.
1743 3789 1777 3852 I
1813 3787 1921 3865 52,
1988 3787 2128 3850 vel:
2197 3794 2309 3868 γῆς
2366 3810 2429 3849 τε
2491 3787 2598 3847 καὶ

238 3890 525 3974 ἁλμυρᾶς
568 3895 893 3977 θαλάσσης
935 3896 1282 3980 μοχλεύτης
1325 3895 1653 3980 Aristoph.
1709 3896 1874 3960 Nub.
1914 3891 2041 3956 567
2074 3890 2109 3955 ⁶?
2157 3931 2243 3941 —
2290 3891 2595 3956 Veterum

240 3994 433 4081 igitur
476 4019 695 4065 omnes
741 4000 862 4065 viri
908 4000 1079 4067 docti
1127 4000 1397 4067 eandem
1444 4008 1638 4084 atque
1682 3999 2040 4085 Sophocles
2084 3997 2595 4083 explicationem

418 4325 437 4355 ¹
475 4320 556 4377 Cf·
598 4322 931 4378 0.C.1559:
965 4322 1293 4405 ἐννυχίων
1337 4323 1500 4402 ἅναξ,
1554 4326 1806 4382 21226602
1837 4324 1985 4385 ἀλλ’
2015 4325 2149 4384 αὐτὸ
2191 4321 2303 4396 νὺξ
2347 4320 2591 4395 Ἅιδης

239 4429 307 4469 τε
350 4412 630 4489 σῳζόντων
673 4415 849 4474 κάτω.
2393 4424 2398 4427 ’

2379 4491 2417 4549 6
