3250 5117
1273 386 1666 443 —31-

261 575 471 640 Eust.
521 573 753 656 3038:
801 576 957 655 ὅπερ
1003 573 1224 637 ταύτὸν
1269 573 1418 637 εἶναι
1466 574 1646 637 δοκεῖ
1680 577 1773 651 τῷ
1834 569 2012 649 λέχος
2069 567 2540 648 πορσαίνουσαν
2600 570 2640 648 ἢ

265 681 791 762 ,πορσύνουσαν,1
843 678 949 761 qui
1009 678 1433 763 paraphrasin
1499 674 1818 759 quandam
1876 672 2167 768 praebet,
2232 691 2358 736 non
2422 690 2645 737 veram

274 784 469 851 -vocis
561 785 888 869 originem.
983 786 1160 849 Inter
1240 782 1631 849 recentiores
1721 778 2113 844 Doederlein
2210 780 2418 842 Gloss.
2514 780 2642 844 713

281 894 706 977 ἐποιχομένην
753 897 818 957 et
862 891 946 956 ad
993 893 1158 957 ἱστόν
1205 896 1271 956 et
1318 891 1398 955 ad
1447 892 1624 971 λέχος
1670 884 2075 953 referendum
2127 904 2268 950 esse
2308 889 2508 969 putat,
2558 885 2644 950 ad

266 998 644 1061 ἀντιόωσαν
709 1001 921 1061 autem
986 998 1131 1079 ἒμοί
1189 996 1463 1080 supplet.
1531 994 1735 1072 Quam
1799 992 2180 1059 sententiam
2237 992 2473 1076 Ameis‚
2539 992 2648 1075 qui

286 1103 546 1186 primus
580 1122 723 1167 eam
762 1106 1122 1187 aperuerat,
1169 1102 1310 1186 ipse
1355 1107 1582 1185 postea
1630 1100 1863 1165 abiecit
1922 1100 2130 1181 iisque
2187 1118 2487 1164 assensus
2550 1104 2649 1165 est

290 1208 451 1274 viris
498 1209 849 1293 (Hermann
896 1206 1261 1291 LaRoche),
1311 1207 1416 1290 qui
1464 1207 1618 1289 ἐμὸν
1682 1208 1861 1288 λέχος
1924 1207 2271 1270 ἀντιόωσαν
2337 1206 2646 1290 interpre-

275 1315 556 1381 tandum
604 1334 748 1380 esse
795 1319 1206 1379 censuerunt:
1272 1312 1621 1394 „accedere
1689 1311 1773 1376 ad
1835 1311 2152 1395 lectum“;
2213 1332 2402 1393 quam
2458 1312 2648 1377 inter-

286 1411 737 1506 pretationem,
779 1419 1063 1502 quamvis
1109 1420 1449 1505 singularis
1496 1418 1578 1484 sit
1622 1419 1736 1483 illa
1771 1418 1972 1483 verba
2004 1417 2426 1501 coniungendi
2461 1418 2648 1499 ratic,

273 1534 514 1593 tamen
561 1528 761 1592 solam
828 1532 1070 1591 rectam
1134 1545 1278 1591 esse
1336 1545 1709 1610 persuasum
1772 1524 2002 1607 habe0‚
2067 1525 2438 1608 praesertim
2507 1544 2650 1589 cum

287 1634 426 1699 iam
471 1634 822 1717 Sophocles
869 1636 974 1698 Αἱ.
1023 1633 1148 1697 491
1202 1632 1459 1698 verbis:
1517 1633 1586 1695 τὸ
1635 1632 1747 1697 σὸν
1792 1634 1971 1714 λέχος
2021 1634 2352 1714 ξυνῆλθον,
2421 1632 2649 1713 quibus

284 1740 453 1807 illud
498 1742 759 1806 Homeri
808 1740 1089 1822 vertitur,
1139 1739 1411 1805 eandem
1449 1740 1756 1823 probasse
1802 1737 2111 1804 videatur.

479 2033 570 2101 Αἰ.
619 2032 748 2097 985
773 2053 787 2093 :

477 2164 788 2229 Achillem
848 2163 1131 2228 Patrocli
1190 2168 1458 2229 mortem
1520 2164 1932 2228 vehementer
1994 2162 2431 2248 deplorantem
2494 2159 2652 2226 facit

288 2270 612 2336 Homerus
661 2272 867 2335 Σ318
916 2289 1072 2353 sqq:

477 2439 684 2501 πυκνὰ
731 2439 899 2519 μάλα
947 2438 1262 2518 στενάχων
1308 2437 1409 2506 ὥς
1453 2462 1525 2512 τε
1569 2438 1679 2505 λὶς
1725 2438 2120 2518 ἠυγένειος

475 2543 532 2625 ᾦ
579 2546 661 2625 ῥά
699 2546 761 2606 θ’
812 2544 970 2607 ὑπὸ
1021 2545 1420 2624 σκύμνους
1467 2543 1861 2625 ἐλαφηβόλος
1908 2543 2208 2624 ἁρπάσῃ
2260 2542 2418 2623 ἀνὴρ

473 2650 626 2732 ὕλης
670 2652 740 2711 ἐκ
786 2656 1064 2731 πυκινῆς·
1105 2652 1141 2712 ὃ
1191 2650 1261 2711 δέ
1303 2651 1367 2709 τ’
1420 2650 1674 2729 ἄχνυται
1720 2650 1973 2729 ὕστερος
2019 2648 2245 2710 ἐλθών.

479 2842 706 2906 Varias
757 2862 834 2907 ac
883 2841 1169 2906 diversas
1228 2842 1409 2906 vocis
1464 2844 1776 2924 ἠυγένειος
1837 2839 2395 2925 interpretationes
2453 2843 2654 2907 tradit

290 2948 661 3032 Hesychius
708 2968 758 3013 S.
808 2969 867 3014 V.
929 2951 1263 3031 ἠυγένειος·
1310 2950 1471 3030 μέγα
1531 2948 1599 3010 τὸ
1667 2949 1896 3030 γένειον
1951 2950 2117 3029 ἔχων
2181 2952 2219 3029 ἢ
2287 2950 2549 3019 εὔτονος·
2614 2954 2653 3032 ἢ

278 3056 556 3136 ,εὔγονος
601 3059 639 3137 ἢ
688 3056 957 3136 εὐγενής·
1004 3058 1043 3135 ἢ
1092 3055 1522 3135 καλογένειος,·
1569 3052 1761 3116 aliam
1829 3052 2086 3116 aliunde
2150 3072 2276 3117 non
2339 3055 2656 3136 cognitam

294 3160 568 3247 legimus
643 3161 708 3224 in
789 3159 1012 3225 Iliadis
1087 3158 1463 3244 paraphrasi
1545 3158 1834 3224 Graeca:
1917 3160 2073 3223 δασὺ
2158 3162 2388 3242 γένειον
2470 3164 2654 3244 ἔχων.

295 3266 652 3331 Permirum
699 3261 912 3331 autem
958 3264 1111 3330 mihi
1174 3265 1427 3330 videtur
1483 3266 1643 3329 illud
1700 3265 1869 3347 quod
1925 3265 2121 3331 schol.
2189 3268 2249 3329 A
2306 3265 2388 3331 ad
2446 3269 2511 3330 Σ
2526 3268 2655 3332 318

481 3587 503 3625 1
537 3579 910 3635 Reitzenstein
964 3590 1059 3635 'me
1103 3580 1314 3634 monuit
1372 3580 1572 3635 Catulli
1628 3586 1903 3636 auctorem
1942 3582 2372 3637 Alexandrinum
2428 3584 2658 3638 eandem

277 3670 812 3738 :interpretationem
850 3670 1159 3737 amplexum
1197 3685 1334 3738 esse,
1375 3670 1468 3737 qui
1506 3669 1640 3723 dicit
1680 3686 1722 3723 c.
1764 3670 1851 3738 64,
1894 3670 2030 3723 160:

552 3806 632 3856 At
667 3807 851 3857 tamen
887 3803 944 3856 in
980 3809 1198 3859 vostras
1235 3801 1468 3872 potuisti
1505 3802 1704 3855 ducere
1743 3802 1923 3870 sedes,

551 3890 701 3957 Quae
738 3891 841 3945 tibi
878 3891 1109 3946 iocundo
1147 3891 1442 3947 famularer
1481 3906 1639 3945 serva
1676 3891 1884 3958 labore,

555 3979 803 4034 Candida
838 3982 1182 4050 permulcens
1219 3980 1446 4048 liquidis
1465 3965 1714 4048 'vestigia
1749 3979 1983 4049 lymphis

545 4068 1003 4137 Purpureavc
1055 4074 1255 4122 tuum
1311 4072 1812 4123 consternens
1867 4071 2086 4123 veste
2142 4068 2421 4125 cubile.

445 4208 531 4263 Cf.
570 4211 736 4266 etiam
771 4210 962 4279 Eurip.
1005 4210 1373 4265 Andromed.
1409 4209 1532 4281 srq.
1573 4210 1713 4264 132:

737 4341 872 4420 ἄγου
917 4342 977 4401 δέ
1021 4341 1109 4417 μ’,
1157 4340 1202 4400 ὦ
1246 4339 1359 4413 ξεῖν
1375 4340 1409 4417 ’,
1457 4340 1566 4400 εἴτε
1607 4340 1923 4419 πρόσπολον
1970 4342 2170 4413 θέλεις

736 4431 845 4491 εἴτ’
886 4433 1097 4512 ἄλοχον
1142 4432 1251 4493 εἴτε
1294 4433 1500 4508 δμωίδ’
1508 4476 1764 4494 .....
