3250 5117
1216 383 1605 475 —n—

249 605 452 671 Totus
498 605 601 671 hic
646 606 820 672 locus
867 607 1047 693 epico
1095 615 1162 673 ut
1207 610 1298 674 ita
1344 607 1549 674 dicam
1597 609 1805 673 colore
1855 607 2085 672 tinctus
2123 626 2262 673 esse
2311 607 2580 674 videtur.

246 713 333 778 Ut
380 712 549 783 enim
595 717 810 797 φίλον
856 719 1038 798 κέαρ
1083 714 1148 780 in
1186 715 1552 782 memoriam
1589 713 1834 780 reducit
1869 713 2025 780 illud
2061 714 2320 782 Homeri
2366 719 2582 799 φίλον

247 821 454 904 ἦτορ,
493 821 584 887 ita
618 823 824 907 ipsum
859 822 1016 888 illud
1052 826 1418 887 πέπαλταί
1456 849 1584 908 μοι
1621 826 1805 904 κέαρ
1842 821 2193 888 invenimus
2220 822 2441 888 X45l
2474 844 2581 907 sq:

1441 1012 1505 1073 ἓν
1543 1012 1613 1074 δέ
1654 1035 1763 1092 μοι
1812 1012 1964 1093 αὐτῇ

744 1119 990 1200 στήθεσι
1038 1119 1417 1181 πάλλεται
1467 1117 1674 1201 ἦτορ.

242 1304 466 1385 Itaque
543 1322 668 1368 non
728 1303 1096 1384 errabimus,
1176 1304 1230 1370 si
1288 1302 1476 1369 etiam
1542 1304 1932 1372 sententiae:
1997 1309 2432 1391 σπλάγχνα
2497 1310 2585 1371 δέ

242 1437 381 1494 μοι
429 1413 979 1475 κελαινοῦται
1028 1411 1377 1476 subiectam
1425 1431 1566 1477 esse
1614 1412 1893 1495 aliquam
1939 1413 2199 1479 Homeri
2237 1413 2583 1498 paraphra-

242 1519 342 1582 sin
387 1517 862 1602 suspicabimur.
912 1519 986 1582 In
1033 1538 1159 1601 qua
1203 1518 1646 1620 investiganda
1692 1519 1924 1604 optimc
1970 1540 2087 1585 nos
2148 1520 2322 1586 ducit
2382 1520 2580 1586 schol.

243 1626 305 1690 h.
353 1627 395 1692 l.
445 1625 550 1708 qui
597 1634 769 1691 recte
840 1626 1147 1711 explicat:
1212 1630 1590 1710 ταράσσεται.
1649 1627 2004 1714 Aeschylus
2060 1628 2224 1695 enim
2280 1627 2580 1712 interpre-

243 1738 413 1799 tatus
461 1753 604 1800 esse
651 1733 901 1798 videtur
937 1734 1093 1800 illud
1146 1733 1205 1799 Φ
1250 1734 1413 1799 551:

640 1924 836 1987 πολλὰ
886 1926 955 1986 δέ
1000 1928 1077 1987 οἷ
1120 1927 1428 2008 κραδίη
1475 1926 1870 2007 πόρφυρε
1913 1927 2172 2008 μένοντι.

245 2108 429 2186 Quod
474 2110 735 2175 verbum
771 2112 1089 2195 πορφύρα)
1136 2109 1388 2195 proprio
1436 2131 1628 2178 sensu
1673 2111 1945 2198 positum
1974 2130 2097 2178 uno
2137 2115 2377 2178 tantum
2409 2113 2577 2198 apud

246 2214 582 2283 Homerum
628 2217 767 2283 loco
814 2217 1122 2303 reperitur
1160 2220 1219 2281 Ξ
1262 2220 1376 2284 16:

421 2406 511 2474 ὡς
560 2406 614 2467 δ’
665 2406 764 2469 ὅτε
809 2431 855 2467 π
877 2431 912 2468 ο
934 2432 970 2486 ρ
994 2433 1040 2489 (Γ
1062 2408 1093 2468 ὑ
1114 2433 1151 2487 ρ
1171 2432 1209 2490 ῃ
1258 2432 1304 2469 π
1327 2408 1404 2469 έλ
1422 2431 1459 2470 α
1485 2432 1518 2490 γ
1541 2433 1575 2470 0
1597 2433 1629 2478 ς
1672 2408 1832 2489 με’γα
1880 2409 2104 2489 κύματι
2150 2415 2376 2488 κωφῷ.
2479 2475 2482 2480 ⁴

244 2589 346 2654 Ad
393 2608 576 2672 quem
625 2587 831 2655 locum
880 2589 1170 2656 conferas
1215 2589 1672 2656 Aristonicum:
1721 2594 1754 2672 ἡ
1807 2591 1988 2673 διπλῆ
2035 2592 2124 2653 ὅτι
2178 2591 2579 2673 πορφύρῃ

238 2724 289 2781 μ
311 2700 443 2761 ελα
469 2701 541 2761 vi
556 2702 590 2772 ζ
603 2724 659 2780 ῃ.
711 2701 898 2761 εἴωθε
948 2700 1014 2760 δὲ
1061 2700 1207 2761 ὅταν
1254 2699 1456 2781 ἀρχὴν
1500 2699 1787 2780 λαμβάνῃ
1828 2699 2166 2780 κινήματος
2214 2700 2248 2779 ἡ
2296 2697 2580 2760 θάλασσα

234 2807 590 2888 μελανίζειν.
641 2806 735 2867 διὸ
780 2808 1109 2887 μεταφέρει
1156 2808 1251 2868 ἐπὶ
1298 2807 1439 2876 τοὺς
1485 2807 1642 2868 κατὰ
1708 2806 1916 2888 ψυχὴν
1975 2810 2412 2886 μεριμνῶντας
2477 2807 2582 2867 καὶ

238 2915 946 2994 ταρασσομένουςς
993 2930 1200 2995 neque
1265 2932 1410 2977 raro
1458 2913 1719 2977 verbum
1789 2914 2136 2994 πορφύρεα)
2200 2909 2283 2975 ad
2346 2909 2579 2994 Signifi-

237 3019 508 3085 candam
554 3019 745 3086 animi
789 3019 1140 3102 mentisque
1189 3019 1530 3085 motionem
1578 3025 1945 3104 usurpatum
1991 3017 2365 3099 invenimus,
2406 3003 2581 3083 velut

240 3123 302 3188 Φ
350 3122 475 3188 551
516 3124 557 3187 l.
605 3145 655 3190 s.
706 3148 782 3205 c.‚
833 3130 870 3190 ὃ
915 3127 1042 3192 427
1093 3128 1173 3209 al,
1221 3128 1330 3192 ubi
1378 3127 1575 3193 schol.
1626 3128 1679 3191 B
1726 3126 1887 3192 haec
1932 3126 2235 3212 praebet:
2297 3129 2360 3190 ἓν
2396 3129 2580 3210 βάθει

235 3240 346 3314 τῆς
403 3233 673 3304 διανοίας
738 3217 1039 3306 διενοεῖτο,
1107 3238 1371 3309 ἐκινεῖτο,
1440 3238 1825 3316 ἐταράσσετο,
1892 3236 2045 3317 ὅπερ
2111 3236 2428 3318 συμβαίνει
2485 3236 2581 3298 ἐπὶ

232 3346 366 3403 τῶν
417 3341 658 3406 ὑδάτων
705 3345 742 3405 ἃ
793 3345 861 3406 ἔκ
908 3345 1153 3426 βάθους
1200 3345 1531 3426 κινούμενα
1578 3345 1935 3425 μελαίνεται.
1987 3380 2066 3389 -

419 3446 840 3531 Quaecunque
904 3456 1114 3517 autem
1179 3450 1363 3516 huius
1430 3450 1600 3516 modi
1655 3448 2075 3535 proferuntur,
2132 3469 2256 3514 non
2321 3447 2579 3514 dubium

230 3559 355 3634 est,
405 3554 550 3636 quin
597 3559 741 3622 voci
785 3560 1103 3641 πορφύρα)
1155 3560 1235 3622 ab
1283 3556 1460 3624 initio
1508 3557 1657 3624 insit
1702 3556 2079 3645 significatio
2145 3555 2546 3623 motionis
2562 3604 2580 3639 ‚

229 3661 558 3728 coloris
605 3669 819 3729 tamen
865 3664 1206 3731 secundum
1251 3666 1456 3730 locum
1506 3664 1814 3730 obtinere.
1866 3664 2074 3743 Quare
2113 3664 2283 3729 haud
2323 3663 2455 3729 scio
2495 3683 2577 3728 an

225 3768 658 3836 assentiamur
704 3771 917 3838 Curtio
966 3774 1173 3860 Etym.
1239 3771 1369 3838 415
1419 3771 1523 3855 qui
1577 3778 1760 3857 putat
1808 3770 1966 3837 illud
2013 3761 2330 3855 πορφύρω
2397 3769 2579 3837 redu-

225 3876 539 3962 plicatum
588 3898 729 3944 esse
776 3899 812 3943 e
858 3882 1069 3962 φύρω,
1118 3879 1285 3961 quod
1332 3878 1567 3944 factum
1613 3879 1696 3944 sit
1741 3898 1778 3944 6
1815 3906 1996 3962 φρυ-,
2036 3878 2160 3944 skt.
2201 3878 2360 3945 bhur
2396 3879 2580 3963 (bhu-

225 3982 360 4051 rati
396 4012 465 4041 z
501 3986 725 4052 rasche
764 3986 888 4052 und
935 3987 1288 4071 zappelnde
1312 3987 1683 4070 Bewegung
1719 3986 2026 4067 machen3
2067 3985 2146 4052 cf.
2186 3987 2578 4071 Brugmann-

225 4093 590 4175 Delbriick‚
644 4097 921 4160 Grundr.
986 4097 1043 4159 «l.
1108 4098 1290 4181 reryl.
1364 4097 1583 4160 Gram.
1650 4096 1865 4181 imloy.
1931 4094 2077 4179 Spr.
2145 4094 2211 4159 II
2274 4113 2334 4178 p.
2406 4093 2576 4176 93).¹

223 4202 536 4268 Attamen
583 4202 1052 4268 concedendum
1103 4207 1221 4283 est,
1271 4201 1566 4286 primaria
1611 4201 1726 4267 illa
1770 4201 2029 4267 notione
2093 4202 2248 4268 satis
2308 4199 2579 4283 antiquis

414 4528 433 4565 1
476 4521 554 4578 Of.
595 4523 654 4578 L.
695 4524 905 4594 Meyer,
946 4526 1172 4579 Grz‘eeh.
1212 4529 1403 4596 Elym.
1447 4524 1501 4577 II
1538 4541 1589 4593 p.
1631 4525 1734 4577 615
1777 4541 1852 4593 sq.
