3250 5117
1676 450 1751 460 ..-
1843 421 1910 477 12
2003 452 2068 462 .-

708 603 1099 689 temporibus
1119 603 1482 670 oblitterata
1519 623 1604 668 co
1624 604 1701 669 lo
1718 623 1747 668 r
1766 604 1835 668 is
1874 608 2115 670 tantum
2141 603 2663 688 significationem
2694 605 3056 687 mansisse3

705 710 831 776 iam
876 710 1264 795 Aeschylum
1308 730 1531 776 vocem
1576 711 1667 778 ita
1710 710 2189 795 interpretatum
2236 731 2378 778 esse
2416 717 2679 797 apparet
2723 731 2805 777 ex
2839 713 3057 798 ipsius

707 819 1110 906 paraphrasi:
1161 821 1477 902 σπλάγχνα
1527 821 1595 883 δέ
1638 843 1746 901 μοι
1792 822 2294 886 κελαινοῦται.
2343 856 2428 865 -

881 953 1142 1020 Eisdem
1187 958 1397 1019 autem
1447 952 1682 1019 Verbis:
1753 955 1947 1019 πολλὰ
2022 957 2091 1019 δέ
2145 959 2204 1019 οἳ
2260 958 2484 1039 κριιδίη
2554 958 2845 1039 πόρφυρε
2900 956 3058 1022 illu-

710 1061 893 1127 strari
953 1080 1143 1146 posse
1203 1060 1355 1125 mihi
1421 1060 1672 1125 Videtur
1726 1061 2128 1127 Homericum
2202 1061 2360 1127 illud
2416 1065 2725 1144 φρένες
2772 1066 2996 1147 ἀμφι
3026 1107 3055 1116 -

707 1171 1149 1251 μέλαιναις
1199 1168 1373 1234 cuius
1440 1166 1522 1234 de
1580 1170 1900 1234 sententia
1955 1189 2094 1235 cum
2153 1190 2384 1256 magna
2428 1169 2593 1235 inter
2656 1170 3059 1237 recentiores

710 1282 934 1344 exorta
976 1276 1059 1341 sit
1105 1275 1437 1358 dissensio,
1485 1296 1692 1361 pauca
1737 1274 1950 1343 dicere
1996 1276 2148 1342 mihi
2192 1276 2403 1344 liceat.
2439 1276 2540 1342 Ad
2578 1279 2837 1354 Homeri
2875 1279 3058 1345 enim

708 1384 913 1450 AlO3
979 1384 1176 1450 schol.
1244 1385 1301 1448 A
1380 1384 1543 1449 haec
1592 1384 1906 1470 praebet:
1976 1387 2433 1469 ἀμφιμέλαιναι·
2504 1388 2568 1449 αἱ
2642 1388 2723 1450 ἓν
2798 1390 2841 1471 β
2856 1389 3057 1451 άθει

708 1495 1093 1575 κείμεναι
1140 1498 1177 1575 ἢ
1224 1496 1829 1575 τεταραγμέναι
1878 1494 1977 1556 διὰ
2024 1495 2132 1575 τὴν
2191 1496 2400 1577 ὀργήν.
2467 1491 2610 1570 Qua
2665 1491 3058 1577 interpreta-

707 1599 878 1664 tione
922 1598 1182 1666 addueti
1227 1605 1479 1666 nostrae
1529 1599 1759 1665 aetatis
1807 1599 1926 1664 viri
1972 1599 2162 1683 docti,
2210 1602 2315 1683 qui
2379 1599 2636 1683 quidem
2685 1600 3052 1665 sententiae

706 1710 928 1789 φρένες
991 1710 1430 1789 ἀμφιμέλαιναι
1479 1706 1897 1791 explicandae
1962 1728 2222 1793 operam
2281 1709 2679 1789 navaverint‚
2747 1706 2810 1771 in
2877 1707 3046 1799 duas

725 1820 942 1899 partes
1026 1813 1469 1880 discesserunt.
1552 1814 1828 1893 Quorum
1894 1813 2098 1897 alteri,
2173 1821 2242 1880 ut
2312 1815 2529 1882 Ameis
2588 1816 2899 1881 LaRoche
2969 1815 3059 1880 al.

709 1920 818 2008 (of.
865 1921 1137 2009 Ebeling
1180 1941 1234 1988 S.
1282 1925 1370 2004 V.)
1415 1922 1575 1988 illud
1621 1926 1686 1988 έν
1731 1925 1916 2007 βάθει
1962 1926 2551 2008 κείμεναι.ῒυθῐιῐ111·,
2600 1923 2766 2006 quod
2823 1926 3059 2006 φρένες

710 2048 964 2114 semper
1001 2050 1078 2095 ac
1114 2035 1341 2095 natura
1378 2030 1501 2095 sint
1538 2030 1778 2115 nigrae,
1818 2029 2003 2096 alteri
2039 2037 2106 2095 ut
2145 2030 2392 2098 Goebel
2427 2030 2817 2097 Doederlein
2853 2030 3061 2096 affec-

710 2143 840 2201 tum
888 2137 1203 2220 quendam
1247 2138 1509 2204 brevem
1567 2145 1632 2202 et
1688 2137 1772 2203 ad
1830 2144 2078 2223 tempus
2140 2143 2340 2203 ortum
2416 2137 2809 2220 intellegunt.
2879 2137 3058 2203 Ebe-

707 2244 864 2330 lingi
910 2264 1084 2326 vero,
1133 2245 1239 2328 qui
1283 2244 1626 2310 Ameisium
1675 2245 1975 2326 sequitur,
2024 2245 2340 2311 sententia
2402 2245 2563 2310 haec
2624 2249 2756 2311 est:
2825 2265 3061 2331 „prae-

711 2350 926 2417 cordia
996 2351 1061 2416 in
1126 2352 1348 2417 intima
1408 2357 1590 2437 parte
1657 2353 1937 2437 corporis
2015 2354 2196 2434 quasi
2271 2351 2490 2418 abdita
2559 2352 2830 2435 ideoque
2904 2353 3058 2418 luce

711 2459 996 2525 carentia
1041 2465 1106 2526 et
1152 2460 1234 2525 ab
1283 2459 1448 2524 omni
1493 2465 1674 2544 parte
1719 2460 1919 2544 nigra,
1980 2459 2585 2547 ringsumdunkelt.“
2665 2459 2805 2539 Qua
2850 2460 3058 2544 expli-

713 2567 963 2634 catione
1009 2567 1184 2633 haud
1229 2567 1360 2634 scio
1409 2589 1490 2633 an
1533 2569 1752 2653 paucis
1790 2567 2210 2655 persuaserit3
2261 2567 2376 2635 sed
2421 2569 2620 2633 verba
2670 2567 3054 2634 scholiastae

711 2675 854 2761 ipsa
909 2675 1142 2741 vitiosa
1204 2695 1346 2741 esse
1403 2675 1743 2757 videntum
1796 2695 1955 2758 quae
2011 2675 2198 2742 facile
2259 2681 2574 2742 sanantur.
2650 2675 2838 2742 Certo
2887 2675 3060 2740 enim

713 2782 1106 2849 concluditur
1153 2805 1187 2848 e
1235 2783 1551 2849 sententia
1594 2804 1635 2849 a
1681 2783 1878 2849 schol.
1932 2782 1988 2848 A
2033 2783 2114 2849 ad
2170 2783 2374 2847 A103
2430 2783 2707 2868 prolata:
2774 2785 3053 2867 ἀμφιμέ-

711 2893 908 2956 λαιναι
947 2941 1172 2964 .....
1212 2892 1338 2955 ἀπὸ
1376 2899 1483 2975 τῆς
1518 2898 1645 2955 τῶν
1688 2893 1932 2956 ὑδάτων
1968 2898 2348 2974 μεταφορᾶς,
2397 2878 2804 2976 interpretem
2838 2890 3057 2955 Verbis

711 3003 932 3082 φρένες
979 3002 1419 3083 ἀμφιμέλαιναι
1464 2999 1740 3065 Voluisse
1781 2998 2097 3081 quandam
2126 3018 2266 3065 oum
2304 2999 2499 3063 verbo
2537 3001 2854 3082 πορφύρα)
2885 2995 3056 3063 Simi-

710 3106 1042 3173 litudinem
1114 3107 1343 3174 inesse.
1428 3106 1667 3184 Quodsi
1742 3107 1924 3172 huius
1994 3106 2173 3173 verbi
2245 3106 2799 3191 interpretationes
2861 3125 3057 3190 supra

713 3220 1229 3281 commemoratas
1276 3213 1745 3298 perquisiveris,
1791 3214 1968 3279 velut
2013 3215 2209 3280 schol.
2248 3215 2306 3278 A
2342 3213 2426 3279 ad
2459 3213 2676 3278 5427:
2725 3216 2788 3277 ἓν
2824 3216 3058 3296 βάθει

712 3331 819 3405 τῆς
867 3324 1136 3394 διανοίας
1203 3324 1502 3396 διενοεῖτο,
1557 3325 1935 3395 ἐκινεῖτο,
1997 3325 2380 3405 ἐταράσσετο,
2445 3321 2632 3388 facile
2696 3321 3058 3404 intellegeS,

711 3450 836 3495 non
883 3433 948 3493 αἱ
990 3432 1055 3495 ἕν
1099 3432 1285 3514 βάθει
1322 3432 1698 3511 κείμεναι
1742 3428 2145 3496 scribendum
2184 3449 2344 3511 esse,
2384 3429 2496 3495 Sed
2528 3453 2709 3494 κινο
2734 3431 3053 3511 ὑμεναι.

715 3535 856 3615 Qua
916 3557 1117 3623 parva
1179 3537 1528 3602 mutatione
1592 3542 1789 3602 totam
1847 3535 2342 3603 controversiam
2420 3535 2833 3621 compositam
2875 3552 3056 3604 ,esse

712 3651 885 3730 puto.
936 3683 1021 3693 —-

890 3767 1022 3845 Sed
1086 3798 1396 3861 quaenam
1452 3799 1608 3845 Vera
1676 3785 1774 3844 est
1838 3778 2013 3844 Vocis
2075 3782 2297 3863 φρένες
2363 3782 2807 3862 ἀμφιμέλαιναι
2864 3775 3057 3842 inter-

715 3886 1041 3972 pretatio?
1123 3924 1209 3934 —-
1292 3886 1566 3953 Difficile
1651 3885 1939 3951 nimirum
2020 3886 2252 3952 nostris
2335 3885 2589 3969 quidem
2670 3884 3055 3969 temporibus

718 3992 1042 4076 definitur3
1091 4000 1301 4060 tamen
1347 3993 1424 4059 iis
1470 3993 1729 4059 Homeri
1789 3995 1966 4074 locis,
2016 3994 2122 4076 qui
2182 3994 2592 4079 principalem
2654 3992 2824 4057 illius
2882 3991 3055 4062 vocis

716 4100 1239 4185 significationem
1294 4101 1458 4167 tueri
1521 4101 1835 4184 videntur,
1898 4101 2235 4189 diligenter
2300 4099 2680 4185 comparatis
2740 4098 3054 4176 discimu8‚

718 4215 972 4295 poetam
1036 4210 1291 4275 minime
1358 4211 1436 4277 de
1502 4210 1891 4296 praecordiis
1968 4217 2031 4277 et
2100 4218 2328 4275 natura
2404 4214 2467 4274 et
2539 4226 2787 4293 semper
2863 4206 3053 4293 nigris

719 4319 1054 4401 cogitasse.
1106 4318 1302 4385 Tales
1347 4323 1558 4384 autem
1602 4319 1780 4385 locos
1825 4317 2033 4384 iudico
2082 4318 2263 4382 P83:

928 4497 1210 4580 ‘'EmoQa
1258 4499 1313 4560 δ’
1366 4498 1536 4562 αἰνὸν
1583 4500 1736 4579 ἄχος
1782 4499 2057 4561 πύκασεν
2097 4499 2329 4579 φρένας
2376 4495 2826 4578 ἀμφιμελαίνας
