3250 5117
1240 449 1473 506 -23
1565 482 1663 514 *n

443 632 621 711 Quae
687 632 1022 700 manifesto
1083 640 1373 718 spectant
1451 636 1532 700 ad
1593 636 1853 701 Homeri
1918 636 2027 702 illa
2090 639 2304 719 verba,
2384 639 2608 723 quibus

245 738 746 803 sacrificantium
785 738 941 802 ritus
981 737 1255 803 describi
1293 738 1456 802 solet
1504 740 1585 820 (A
1612 739 1762 819 460,
1803 739 2013 803 3423
2062 740 2184 822 ab:

564 907 809 988 μηρούς
855 908 914 966 τ’
967 908 1262 989 ἐξέταμον
1309 908 1496 969 κατά
1543 932 1613 970 τε
1658 910 1878 990 κνίσῃ
1928 911 2308 991 ἐκάλυψαν

565 1014 822 1095 δίπτυχα
871 1015 1250 1095 ποιήσαντες.

439 1179 631 1245 Vario
695 1180 884 1245 modo
944 1182 1325 1247 vocabulum
1392 1185 1572 1266 κνίση
1654 1204 1693 1249 a
1772 1184 2094 1249 veteribus
2175 1187 2604 1266 grammaticis

248 1287 631 1374 explicatur.
680 1285 1074 1371 Porphyrius
1120 1287 1284 1352 enim
1331 1288 1553 1372 (schol.
1605 1291 1667 1351 B
1725 1288 1807 1354 ad
1853 1292 1915 1353 Β
1976 1290 2135 1376 423)
2195 1290 2356 1359 haec
2424 1295 2608 1359 dicit:

251 1398 541 1479 σημαίνει
590 1396 656 1458 δὲ
704 1396 807 1457 καὶ
851 1395 961 1477 τὴν
1007 1397 1426 1477 ἀναθυμίασιν
1462 1403 1588 1459 τῶν
1636 1404 1862 1478 κρεῶν,
1912 1400 2004 1468 (ὃς
2051 1391 2198 1461 ὅταν
2260 1401 2404 1483 λὲῃ-*ῃ
2468 1403 2608 1479 Πτεαὲ

247 1504 392 1565 τότε
437 1527 516 1583 με
560 1504 813 1589 κνίσσης
861 1502 1238 1584 ἀμφήλυθεν
1285 1503 1439 1584 ἡδὺς
1485 1505 1731 1586 (ῗίϋτμήις
1781 1506 1886 1566 καὶ
1936 1508 2194 1588 »κνίσση
2244 1507 2296 1568 δ’
2340 1511 2608 1583 αὖραι-ἠν

249 1610 388 1671 ἷκεν
435 1610 793 1690 ἑλισσομένη
841 1609 980 1690 περὶ
1025 1612 1310 1690 καπνῷ.“

1363 1612 1643 1690 σημαίνει
1690 1612 1794 1673 καὶ
1849 1612 1916 1673 τὸ
1962 1612 2152 1684 λίπος,
2203 1613 2294 1681 ὡς
2344 1615 2436 1671 ἐπὶ
2488 1619 2608 1675 τῶν

252 1716 579 1796 γαστέρων
617 1718 737 1797 ἔφη
781 1716 1111 1797 »ἐμπλείην
1139 1717 1392 1798 κνίσσης
1429 1741 1490 1779 τε
1531 1717 1636 1778 καὶ
1674 1719 1993 1799 αἱματοςίί.
2040 1720 2316 1800 σημαίνει
2360 1723 2464 1779 κατ’
2500 1719 2604 1779 τὴν

251 1822 647 1894 ἐπίπλουν,
705 1822 798 1891 ὡς
856 1820 986 1884 ὧδε
1047 1824 1282 1901 ,,κατά
1328 1847 1398 1886 τε
1462 1826 1741 1906 κνίσσῃ
1792 1826 2223 1906 ἐκάλυψαν,
2296 1827 2604 1907 δίπτυχα

249 1930 710 2009 ποιήσαντες
733 1931 788 2001 “‚
831 1926 928 1992 cui
952 1928 1292 1993 assentitur
1311 1929 1520 2014 Apoll.
1541 1929 1737 2013 Soph.
1777 1929 2034 2010 101,29.
2070 1929 2235 2007 Quid
2255 1931 2608 2015 Aeschylus

251 2032 340 2098 de
361 2033 486 2099 hac
503 2052 574 2099 re
590 2034 625 2097 ?
649 2070 727 2080 —-
747 2034 1056 2115 Loquitur
1075 2034 1244 2119 apud
1268 2053 1410 2099 eum
1439 2035 1876 2117 Prometheus,
1910 2039 2016 2119 qui
2062 2037 2300 2121 primus
2320 2039 2608 2103 indoctus

250 2139 565 2220 homines,
620 2139 932 2222 quomodo
979 2147 1155 2207 recte
1208 2160 1390 2207 sacra
1417 2140 1724 2222 facerent,
1768 2144 2062 2208 docuisse
2100 2145 2364 2227 dicitur:r
2400 2167 2608 2211 noune

246 2255 450 2331 poeta
470 2247 768 2330 tragicuS‚
792 2268 932 2313 cum
962 2249 1084 2313 hoc
1113 2250 1397 2314 narravit
1420 2288 1499 2297 —-
1524 2269 1645 2315 nec
1665 2250 1867 2316 minus
1888 2251 1953 2333 ii,
1985 2251 2092 2333 qui
2115 2250 2400 2317 fabulam
2424 2271 2608 2335 spec—

247 2354 479 2419 tabant
525 2354 629 2419 vel
672 2355 977 2439 legebant
1023 2392 1105 2401 —
1154 2356 1217 2419 in
1265 2356 1472 2421 animo
1518 2356 1742 2422 habuit
1787 2363 2002 2423 notum
2030 2357 2204 2423 illum
2242 2359 2604 2424 Promethei

249 2460 490 2543 dolum,
541 2480 687 2543 quc,
754 2481 893 2528 cum
960 2461 1227 2546 primum
1290 2462 1390 2527 dis
1456 2461 1859 2545 sacrificavit,
1921 2465 2152 2530 Jovem
2213 2463 2456 2547 fefellit,
2528 2467 2604 2531 rfr

247 2567 408 2634 Hes,
466 2570 694 2655 Theoq.
743 2567 872 2633 536
921 2588 1072 2652 sqq:

575 2736 702 2796 τότ’
755 2737 955 2798 ἔπειτα
1001 2738 1200 2818 μέγαν
1247 2740 1404 2818 βοῦν
1449 2738 1766 2819 πρόφρονι
1815 2739 2013 2821 ’θυμῷ

578 2842 966 2922 δασσάμενος
1011 2844 1350 2925 προέθηκε,
1400 2843 1547 2914 Διὸς
1591 2845 1742 2907 νόον
1788 2847 2257 2927 ἐξαπαφίσκων.

573 2955 696 3017 τοῖς
738 2948 854 3028 μὲν
903 2949 1020 3031 γὰρ
1060 2951 1299 3032 σάρκας
1343 2975 1404 3011 τε
1449 2950 1554 3011 καὶ
1601 2952 1826 3032 ἔγκατα
1873 2954 2056 3015 πίονα
2098 2954 2287 3037 δημῷ

577 3056 641 3117 ἓν
688 3055 844 3147 ῥινῷ
891 3057 1202 3137 κατέθηκε
1247 3057 1538 3137 καλύψας
1584 3059 1795 3138 γαστρὶ
1839 3062 2031 3142 βοείῃ,

567 3170 660 3243 τῷ
707 3163 763 3224 δ’
814 3162 951 3226 αὖτ’
1006 3165 1188 3226 ὀστέα
1235 3163 1423 3225 λευκὰ
1470 3164 1624 3246 βοὸς
1674 3166 1841 3247 δολίῃ
1891 3168 1989 3229 ἐπὶ
2034 3169 2211 3251 τέχνῃ

575 3270 889 3340 εὐθετίσας
934 3271 1262 3352 κατέθηκε,
1311 3270 1602 3352 καλύψας
1649 3272 1852 3353 ἀργέτι
1901 3274 2141 3371 δημῷὲ
2187 3312 2271 3321 -

437 3433 623 3513 Quod
667 3424 734 3503 si‘
759 3456 979 3502 verum
1027 3444 1144 3518 est,
1191 3436 1444 3502 minime
1496 3436 1577 3503 de
1625 3445 1955 3505 omento
2017 3442 2416 3526 cogitandum
2484 3451 2600 3523 est,

249 3562 380 3624 quo
439 3542 730 3608 fraudem
773 3545 945 3609 male
1007 3544 1447 3625 obscurasset3
1512 3544 1703 3609 immo
1767 3565 1920 3611 vero
1984 3548 2360 3613 vocabulum
2428 3551 2600 3631 κνὲῡη

245 3650 375 3715 hoc
422 3650 563 3716 loco
611 3650 767 3715 nihil
810 3650 982 3715 aliud
1030 3648 1387 3733 significare
1433 3656 1645 3733 potest
1691 3652 1809 3717 nisi
1856 3652 2215 3738 adipem,
2264 3675 2384 3737 quo
2436 3675 2600 3735 osea,

246 3758 618 3839 priusquam
666 3757 1200 3836 comburerentur,
1246 3756 1570 3822 involvere
1609 3759 1923 3825 solebant.
1974 3759 2159 3837 Quod
2207 3762 2396 3827 etiam
2432 3763 2604 3847 apud

246 3864 651 3929 Eustathium
703 3864 939 3947 l34,24
984 3862 1335 3927 invenimus
1374 3864 1480 3944 qui
1519 3863 1705 3929 dicit:
1744 3865 1891 3938 τοὺς
1930 3867 1996 3929 δὲ
2031 3868 2278 3951 μηροὺς
2312 3871 2600 3947 κνίσσῃ,

248 3972 519 4033 τουτέστι
563 3971 870 4054 πιμελῇ,
919 3970 1329 4038 καλύπτοντες
1373 3972 1599 4034 ἔκαιον,
1646 4010 1732 4016 ——

431 4077 778 4142 Praeterea
824 4076 994 4158 quod
1040 4075 1238 4141 schol.
1293 4076 1354 4137 Β
1401 4074 1485 4139 ad
1530 4079 1593 4139 Β
1638 4078 1768 4143 423
1816 4078 2058 4163 pergit:
2127 4080 2254 4142 ἐπεὶ
2312 4083 2428 4163 γάρ
2488 4083 2600 4143 firm·

251 4186 314 4246 οἳ
356 4186 564 4265 μηροὶ,
611 4184 717 4247 τὸν
761 4185 1055 4246 ἐπίπλουν
1102 4184 1186 4250 εἷς
1235 4182 1349 4243 δύο
1399 4183 1694 4254 διελόντες
1748 4187 2038 4267 ἑκάτερον
2090 4188 2300 4249 αὐτῶν
2352 4191 2600 4267 {ferr-firgus

246 4292 424 4372 μέρει
469 4298 577 4354 τοῦ
626 4292 881 4353 ἐπίπλου
929 4290 1288 4359 ἐκάλυπτον,
1328 4286 1491 4352 haec
1525 4290 1825 4377 sagacius
1864 4311 2053 4374 quam
2093 4292 2304 4356 verius
2344 4295 2600 4375 excogi-

248 4401 389 4461 tata
435 4415 578 4462 esse
625 4403 796 4480 puto.
845 4394 1105 4462 Rectius
1152 4413 1305 4457 vero
1353 4393 1418 4458 in
1464 4416 1622 4461 voce
1674 4399 1931 4482 δίπτυχα
1989 4397 2372 4483 explicando
2440 4399 2600 4463 iudi-

251 4521 434 4566 casse
481 4501 631 4566 mibi
686 4502 937 4567 Videtur
981 4503 1156 4567 Eust.
1230 4501 1499 4581 134,26τ
1569 4507 1779 4568 ἔκαιον
1842 4507 1909 4567 δὲ
1974 4507 2232 4588 δίπτυχα
2283 4515 2600 4575 πυιιιΐψτες
