3250 5117
1656 405 2045 468 ..14-

857 598 1001 671 cho.
1050 601 1179 667 984
1226 622 1358 685 sq.:

2196 711 2288 781 ὥς
2334 711 2430 793 ἴδῃ
2472 712 2675 794 πατήρ

1028 820 1145 901 οὖχ
1191 820 1405 901 οὗμός,
1464 819 1600 882 ἀλλ’
1656 820 1692 881 ὁ
1748 820 1975 881 πάντ’
2029 819 2469 883 ἐποπτεύων
2522 818 2666 881 τάδε

1014 926 1359 996 ’Ἠλιοςκι

857 1083 1034 1162 Quae
1105 1105 1246 1151 cum
1310 1083 1465 1151 dicit
1524 1085 1880 1170 Aeschylus
1948 1091 2120 1150 certo
2187 1083 2600 1171 paraphrasin
2668 1084 3031 1150 sententiae

675 1191 1051 1257 Homericae
1099 1192 1388 1259 omnibus
1437 1197 1631 1259 notae
1679 1193 1743 1255 Γ
1781 1192 1906 1258 277
1962 1194 2044 1259 al.
2094 1193 2400 1277 praebere
2450 1192 2685 1258 voluit:

864 1363 1104 1445 ἠέλιός
1151 1365 1240 1436 θ’,
1291 1365 1371 1432 ὃς
1417 1364 1601 1426 πάντ
1651 1364 1928 1445 ἐφορᾷς
1975 1363 2077 1425 καὶ
2124 1362 2305 1425 πάντ’
2360 1362 2700 1432 ἐπακούεις.

851 1546 983 1613 Sed
1055 1546 1402 1613 notandum
1481 1554 1578 1614 est
1642 1547 1812 1614 idem
1887 1548 2211 1634 epitheton
2286 1548 2476 1615 etiam
2543 1548 2691 1615 Jovi
2755 1547 3016 1614 attribui

677 1655 863 1720 Eum.
916 1653 1133 1720 1045:
1203 1655 1363 1726 Ζεὺς
1409 1657 1445 1718 ὁ
1490 1658 1859 1731 παντόπτας,
1929 1656 2099 1738 quod
2162 1655 2333 1723 idem
2398 1655 2566 1740 apud
2627 1655 3014 1740 Sophoclem

677 1761 1029 1827 invenimus
1074 1764 1224 1827 Ant.
1276 1762 1437 1827 184:
1504 1766 1629 1846 ἐγὼ
1694 1767 1828 1847 γάρ,
1903 1768 2048 1828 ἴστω
2116 1765 2326 1836 Ζεὺς
2403 1766 2438 1826 ὁ
2511 1765 2741 1827 πάνθ’
2800 1765 3022 1846 ὁρῶν

678 1870 774 1932 ἀεί
816 1874 880 1933 el.
932 1871 1003 1934 O.
1056 1872 1121 1935 C.
1174 1868 1378 1934 1085:
1421 1871 1502 1943 ,ἰὼ
1552 1871 1728 1945 Ζεῦ,
1777 1873 2090 1955 πάνταρχε
2137 1874 2325 1944 θεῶν,
2374 1871 2821 1936 παντόπτα.

856 1975 1096 2055 Quibus
1109 1976 1268 2043 locis
1286 1976 1457 2042 haud
1481 1977 1610 2044 scio
1633 1998 1714 2043 an
1735 1977 2063 2062 quisquam
2086 1978 2454 2055 adducatur,
2485 1984 2554 2042 ut
2569 1975 2789 2043 credat
2810 1996 3012 2063 genus

681 2082 1002 2168 quoddam
1061 2086 1447 2167 119eox9aolag
1504 2085 1878 2169 praesertim
1946 2086 2031 2151 ad
2076 2106 2352 2153 summos
2410 2084 2797 2151 Graecorum
2862 2084 3019 2148 deos

677 2192 997 2272 pertinens
1043 2191 1169 2257 iam
1216 2192 1595 2276 tragicorum
1644 2193 2033 2278 temporibus
2089 2200 2377 2260 exortum
2447 2213 2611 2261 esse.
2668 2194 2807 2257 Huc
2864 2209 3017 2255 vero

679 2299 949 2381 accedit,
997 2299 1167 2381 quod
1215 2299 1294 2365 de
1344 2299 1494 2366 Sole
1543 2299 1770 2366 dicitur
1815 2300 2009 2386 Soph.
2066 2304 2134 2367 Ο.
2172 2304 2251 2367 R.
2286 2299 2452 2368 660:
2498 2304 2573 2367 οὗ
2618 2301 2724 2363 τὸν
2768 2301 3019 2362 πάντων

676 2409 850 2471 ’θεῶν
897 2407 1049 2470 θεὸν
1094 2408 1344 2490 πρόμον
1375 2408 1593 2473 Ἅλιον.
1642 2412 1938 2474 Attamen
1995 2409 2161 2492 quod
2207 2409 2458 2494 „omnia
2495 2407 3016 2490 circumspicere“

676 2533 801 2579 non
847 2512 1050 2580 solum
1097 2512 1285 2594 Solis,
1333 2513 1451 2579 sed
1499 2513 1672 2580 Iovis
1719 2534 1964 2597 quoque
2014 2520 2082 2581 ut
2128 2516 2400 2582 omnium
2446 2512 2862 2599 potentissimi
2909 2510 3011 2577 dei

677 2638 819 2686 esse
857 2621 1209 2706 Aeschylus
1247 2621 1511 2706 putavit,
1540 2642 1670 2687 non
1692 2622 2091 2706 mirabimur3
2121 2622 2237 2689 sed
2263 2622 2440 2705 illud,
2471 2620 2639 2705 quod
2668 2620 3016 2705 Sophocles

675 2727 891 2796 Solem
936 2726 1268 2795 manifesto
1318 2728 1581 2798 deorum
1625 2730 1973 2815 principem
2018 2730 2385 2816 appellavit,
2423 2730 2548 2795 iam
2584 2728 2856 2810 antiquis
2893 2725 3017 2791 sin-

676 2834 987 2918 gulariter
1032 2835 1269 2902 dictum
1316 2854 1458 2902 esse
1495 2835 1768 2919 ideoque
1806 2837 2150 2904 notandum
2188 2838 2543 2903 videbatur.
2582 2835 2804 2901 Refert
2851 2832 3012 2898 enim

673 2943 952 3008 Achilles
999 2943 1444 3026 grammaticus
1492 2944 1756 3026 (Maass‚
1818 2967 2029 3010 comm.
2098 2947 2282 3010 Arat.
2342 2964 2399 3028 p.
2462 2943 2600 3027 82>2
2659 2945 2718 3005 οἱ
2775 2942 2841 3004 δὲ
2902 2941 3009 3003 Δία

672 3050 777 3115 τὸν
824 3051 993 3133 ἥλιον
1040 3054 1366 3134 νοήσαντες
1411 3053 1656 3135 λέγουσι
1704 3054 1792 3116 ὅτι
1839 3053 1942 3116 καὶ
1987 3054 2329 3134 Σοφοκλῆς
2376 3052 2541 3137 (frfJ.
2595 3048 2824 3127 1017):

1797 3223 2003 3297 ‘'HE-st,
2053 3224 2334 3304 οἶκτίροις
2381 3223 2506 3302 ἐμέ,

1183 3329 1323 3413 [ὃν]
1374 3331 1433 3393 οἳ
1479 3331 1665 3411 σοφοὶ
1710 3330 1953 3412 λέγουσι
2000 3330 2289 3413 γεννητὴν
2335 3329 2507 3390 θεῶν

1172 3435 1342 3520 [καὶ]
1391 3438 1621 3518 πατέρα
1671 3437 1938 3500 πάντων.

848 3720 1201 3911 {ga-1538
1219 3826 1576 3913 Apollinem
1594 3827 1694 3894 his
1713 3827 1927 3894 verbis
1963 3825 2337 3896 Mercurium
2369 3826 2796 3907 alloquentem
2827 3821 2978 3888 facit
2996 3849 3009 3888 :

941 3988 1014 4052 σὺ
1063 3989 1669 4069 ὃάὗτάόελφον
1716 3989 1920 4070 αἷμα
1970 3989 2071 4050 καὶ
2118 3993 2401 4050 κοινοῦ
2448 3984 2759 4064 πατρὸς

926 4096 1157 4177 Ἑρμῆ»

854 4424 868 4453 ¹
912 4420 990 4476 Cf.
1044 4418 1242 4490 suppl.
1292 4418 1428 4474 139:
1478 4408 1659 4488 πατὴρ
1713 4409 1740 4468 ὃ
1792 4408 2124 4483 xxv-temate,
2183 4418 2376 4470 Prom.
2432 4414 2535 4468 91:
2600 4404 2689 4464 ’.ὃν
2739 4405 3004 4478 πανὲπτην

674 4509 876 4569 κύκλον
927 4507 1142 4587 Ἠλίου,
1182 4514 1301 4589 sry.
1342 4516 1489 4571 192:
1529 4506 1555 4566 ὅ
1598 4507 1881 4578 πανόπτας
1911 4507 2142 4577 “H).·.0;.
