3250 5117
1304 449 1702 506 -39—

470 662 690 745 Antia.
743 660 872 726 586
921 679 1077 743 sqq:

948 820 1173 900 ὅμοιον
1220 819 1383 881 ὥστε
1429 819 1702 887 ποντίαις
1722 819 1744 863 1

951 925 1143 1007 οἶδμα
1192 925 1602 995 δυσπνόοις
1640 926 1816 987 ὅταν

571 1031 1032 1116 Θρῄσσαισιν
1077 1033 1341 1114 ἔρεβος
1385 1032 1677 1113 ὕφαλον
1723 1030 2100 1112 ἐπιδράμῃ
2147 1037 2442 1104 πνοαῖς,

964 1137 1231 1201 κυλίνδει
1265 1137 1583 1220 βυσσόθεν
1629 1135 1916 1199 κελαινὰν

967 1244 1132 1317 θῖνα,
1181 1243 1286 1305 καὶ
1334 1244 1673 1325 δυσάνεμοι

968 1349 1169 1431 στόνῳ
1220 1350 1462 1433 βρέμου
1471 1368 1564 1412 σιν
1610 1350 1969 1430 ἀντιπλῆγες
2014 1350 2207 1412 ἀκταί.

487 1519 565 1582 In
600 1515 812 1582 medio
850 1517 1280 1599 relinquamus
1309 1514 1466 1580 illud
1502 1518 1791 1591 ποντίαις,
1823 1515 1995 1596 quod
2032 1524 2100 1582 ut
2135 1522 2394 1582 sanaret
2427 1516 2664 1582 nemini

300 1624 518 1691 adhue
566 1623 868 1706 contigitz,
917 1623 1047 1687 iam
1091 1628 1291 1688 restat
1338 1629 1406 1686 ut
1468 1621 1906 1705 diiudieemus,
1974 1622 2290 1705 quomodo
2354 1643 2437 1689 ea
2499 1609 2664 1706 quae

303 1737 654 1815 sequuntur
699 1736 875 1796 reete
923 1729 1396 1812 coniungantur.
1444 1729 1657 1811 Atque
1704 1730 1743 1795 J
1748 1729 1872 1794 ebb
1936 1729 2345 1795 scholiastam
2406 1736 2663 1796 secutus

304 1838 630 1923 explieat:
681 1838 910 1919 „when
957 1857 1000 1901 a
1035 1855 1222 1920 surge
1286 1834 1531 1919 (οἶδμα)
1597 1834 1825 1899 driven
1886 1836 1974 1920 by
2035 1841 2280 1920 stormy
2343 1836 2662 1901 seawinds

302 1946 469 2009 from
516 1944 770 2009 Thrace
815 1944 1039 2009 rushes
1096 1962 1249 2007 over
1314 1941 1423 2005 the
1487 1941 1648 2005 dark
1712 1940 1942 2025 depths
2007 1942 2079 2007 of
2134 1944 2242 2007 the
2305 1946 2496 2024 sea“;
2564 1942 2665 2007 eui

302 2051 601 2117 assentiri
672 2069 938 2148 nequeo.
1019 2032 1186 2126 Quid
1252 2049 1419 2113 enim
1496 2047 1672 2112 aliud
1738 2067 1883 2113 esse
1946 2054 2165 2132 potest
2229 2047 2387 2112 illud
2448 2051 2665 2132 ἔρεβος

302 2159 552 2240 ὕφαλον
576 2176 766 2240 quam
800 2157 1024 2238 „niger
1061 2154 1321 2238 quidam
1359 2155 1533 2220 eolor
1569 2155 1789 2219 subter
1827 2157 2020 2219 maris
2060 2174 2299 2237 aequor
2333 2154 2597 2220 labens“
2624 2154 2658 2218 ¹?

300 2301 393 2311 —
460 2264 809 2328 Praeterea
871 2268 1161 2347 putasne,
1230 2260 1310 2326 de
1377 2260 1607 2325 eadem
1670 2260 1841 2326 unda
1902 2262 2167 2344 (οἶδμα),
2239 2281 2400 2343 quae
2465 2261 2656 2327 modo

292 2390 617 2436 summam
692 2387 922 2451 aquam
1002 2367 1337 2448 transiluit,
1420 2367 1605 2432 simul
1673 2367 1834 2432 diei:
1916 2369 2184 2432 κυλίνδει
2264 2370 2661 2451 βυσσόθεν

302 2477 595 2540 κελαινὰν
643 2479 788 2540 θῖνα
810 2478 841 2541 ,9
888 2511 971 2521 --
1016 2475 1218 2540 Immo
1285 2473 1669 2538 sententiam
1733 2475 1929 2539 illam.
1974 2474 2310 2543 δυσπνόοις
2369 2476 2517 2538 ὅταν
2573 2512 2659 2520 —-

300 2582 622 2665 ἐπιδράμῃ
670 2588 885 2652 πνοαῖς
931 2579 1363 2665 separandam
1410 2582 1492 2644 ab
1538 2581 1616 2645 iis
1664 2601 1828 2663 quae
1873 2581 2288 2665 praecedunt,
2343 2580 2665 2646 illustran-

288 2687 582 2770 damque
634 2708 776 2755 esse
817 2682 1055 2753 censeo‘
1094 2686 1356 2753 Homeri
1402 2687 1559 2753 loeis
1605 2689 1782 2752 velut
1820 2715 1856 2752 v
1890 2687 2054 2753 357:

2149 2833 2334 2902 ’έλιος
2381 2832 2450 2894 δὲ

544 2947 818 3028 οὐρανοῦ
866 2946 1243 3026 ἐξαπόλωλε,
1291 2945 1493 3027 κακὴ
1536 2946 1595 3008 δ’
1648 2857 2172 3027 ἐπιδέδρομεῖ
2212 2946 2450 3027 ἀχλύς

290 3091 379 3150 et
428 3083 608 3160 4⁹45:

1866 3226 2018 3289 ἀλλὰ
2054 3226 2206 3309 μάλ’
2252 3225 2444 3307 αἴθρη

543 3332 838 3393 πέπταται
885 3331 1200 3412 ἀνέφελος,
1248 3331 1472 3413 λευκὴ
1523 3332 1587 3393 δ’
1640 3333 2154 3414 ἐπιδέδρομεν
2200 3333 2447 3414 αἴγλη.

495 3472 826 3538 Sententia
871 3477 1083 3537 autem
1129 3473 1222 3538 ita
1266 3473 1739 3559 circumscripta
1785 3473 2077 3540 conferas
2133 3474 2329 3538 velim
2372 3473 2666 3539 Homeri-

276 3598 454 3644 <eum
490 3580 572 3642 H
607 3578 729 3645 63:

522 3722 618 3802 οἵη
660 3720 728 3783 δὲ
775 3720 1094 3802 Ζεφύροιο
1141 3721 1453 3803 ἐχεύατο
1498 3722 1783 3785 πόντον
1828 3723 1952 3784 ἔπι
1998 3721 2184 3803 φρὶξ

522 3827 894 3908 ὀρνυμένοιο
931 3828 1090 3899 νέον,
1126 3827 1446 3909 μελάνει
1493 3828 1565 3890 δέ
1606 3851 1669 3890 τε
1704 3829 2028 3896 πόντος2
2074 3828 2191 3890 ὑπ’
2242 3829 2481 3910 αὐτῆς,8

412 3925 421 3932 “
520 3939 673 3997 τοῖοι
717 3933 843 4015 ἄρα
890 3934 1083 4013 στίχες
1128 3934 1282 3995 εἵατ’
1316 3934 1588 4015 Ἀχαιῶν
1630 3957 1694 3995 τε
1745 3933 1989 4015 Τρώων
2029 3957 2093 3995 τε

525 4040 591 4101 ἐν
634 4039 854 4120 πεδίῳ.
901 4075 988 4084 -—

262 4221 269 4224 ,
292 4208 523 4221 ,---

488 4330 510 4368 1
546 4322 770 4393 ποντίας
811 4323 958 4394 ἁλὸς
999 4319 1169 4398 οἶδμα
1212 4324 1263 4384 L
1285 4323 1329 4400 ⁴,
1360 4325 1608 4396 ποντίαις
1652 4327 1769 4404 L',
1802 4328 2016 4387 πόντιον
2061 4327 2520 4384 Schneidewinus.

490 4414 515 4451 ²
550 4414 742 4471 πόντον
785 4412 856 4470 al.
896 4419 956 4468 ut
992 4414 1365 4469 Aristarchus.
2021 4437 2027 4443 ·

489 4505 516 4544 ³
555 4504 696 4585 αὐτῇ
739 4503 808 4558 al.
845 4510 908 4558 ut
945 4505 1318 4574 Aristarchus,
1358 4505 1518 4565 αὐτοῦ
1560 4506 1795 4564 vindob.
