3250 5117
1254 376 1650 458 ...5²7-

276 589 381 659 ‘cui
429 588 720 657 omnibus
765 607 930 671 quae
978 585 1186 653 adhuc
1234 583 1554 672 disputavi
1597 580 1984 668 argumentis
2028 579 2307 647 nondum
2367 583 2628 669 persua-

277 697 435 763 dere
479 696 677 782 potui,
732 696 1073 779 intelleget
1138 713 1215 760 ex
1271 690 1649 778 paraphrasi
1699 689 2041 774 Euripidis,
2096 688 2249 773 quid
2310 688 2393 756 de
2454 691 2629 754 vocis

277 808 510 887 μῶνυξ
567 800 1025 888 significatione
1093 805 1285 886 poeta
1348 797 1640 879 senserit,
1703 798 1842 884 Iph.
1907 794 2056 861 Aul.
2119 796 2285 861 225:
2350 796 2632 882 (ἵππους)

277 912 671 994 μονόχαλα
720 909 945 974 δ’ὗπὸ
993 907 1251 991 σφυρὰ
1299 906 1876 989 ποικιλοδέρμονας.

471 1230 681 1300 Ornet.
730 1228 898 1294 821:
964 1271 969 1276 ·
1020 1246 1027 1252 ·

1294 1339 1767 1423 μελάνδετον
1816 1336 1884 1401 δὲ
1928 1337 2145 1421 φόνῳ

942 1448 1163 1530 ξίφος
1212 1448 1275 1517 ἒς
1319 1445 1516 1529 αὐγὰς
1561 1446 1788 1509 ἀελίοιο
1835 1445 2040 1518 δεῖξαι.

306 1715 310 1720 ᾗ
477 1602 873 1702 Adiectivum
918 1614 1288 1697 μελάνδετος
1333 1632 1474 1678 cum
1519 1612 1721 1679 semel
1764 1616 2009 1677 tantum
2070 1611 2242 1697 apud
2286 1611 2652 1695 Homerum,

298 1720 658 1788 inveniatur
699 1720 758 1786 O
803 1719 973 1785 713:

606 1887 812 1953 πολλὰ
861 1886 929 1951 δὲ
974 1887 1266 1970 φάσγανα
1313 1882 1475 1949 καλὰ
1519 1877 1947 1967 μελάνδετα
1993 1885 2353 1968 κωπηέντα,

309 2073 435 2120 non
492 2052 718 2118 mirum
792 2058 911 2131 est,
990 2047 1160 2136 quod
1235 2047 1508 2116 diversis
1588 2049 2118 2135 explicationibus
2181 2057 2496 2117 tentatum
2572 2055 2661 2119 sit

307 2160 518 2243 Atque
555 2159 772 2240 Faesi,
817 2159 914 2224 La
957 2159 1179 2251 Roche
1230 2159 1595 2239 „iuncturas
1641 2155 1881 2222 ferreas
1928 2156 2214 2243 (nigras),
2276 2158 2503 2242 quibus
2560 2180 2664 2224 ea·

311 2267 528 2354 pulum
576 2271 641 2332 et
684 2266 928 2332 lamina
971 2265 1177 2351 gladii
1221 2263 1436 2329 iuncta
1484 2265 1732 2345 erant“‚
1778 2263 2069 2348 intellegi
2113 2266 2353 2348 volunt,
2400 2265 2667 2331 Passow

318 2373 657 2460 „vaginam
701 2370 1071 2436 ferratam“.
1120 2370 1379 2435 Rectius
1428 2377 1640 2461 autem
1678 2368 2053 2457 Ebelingius
2089 2367 2460 2453 μελάνδετος
2495 2371 2698 2462 idem!

319 2498 463 2546 esse
546 2483 767 2545 censet
838 2484 1030 2561 atque
1092 2477 1388 2562 „capulo
1456 2476 1639 2560 nigro
1711 2475 2072 2557 instructus,
2136 2478 2250 2542 mit
2322 2478 2670 2545 dunkelem

246 2593 251 2598 '
318 2584 561 2667 Heft“;
611 2585 783 2667 quod
828 2585 954 2650 iam
979 2585 1326 2650 ·veteribus
1364 2582 1795 2667 grammaticis
1833 2584 2110 2650 maxime
2149 2585 2379 2667 arrisit,
2419 2604 2500 2651 ex
2538 2586 2672 2669 qui-

316 2693 437 2759 bus
483 2690 778 2762 conferas
823 2691 1021 2757 schol.
1068 2692 1132 2753 Β
1177 2689 1262 2755 ad
1313 2688 1372 2754 O
1432 2689 1601 2755 7132
1663 2691 2019 2772 μελάνδετα·
2090 2692 2481 2775 σιδηρόδετα,
2544 2695 2677 2764 ἐπεί

322 2815 514 2880 φησιν
551 2795 862 2865 Ἠσίοδος
906 2791 1104 2880 (Opp.
1159 2791 1312 2877 151)
1380 2796 1613 2877 ,,μέλας
1679 2795 1876 2860 δὀὐκ
1945 2798 2086 2861 ἔσκε
2155 2799 2475 2881 σίδηρος“.
2542 2799 2675 2864 οἷον

326 2905 395 2967 ἐκ
442 2903 704 2985 σιδήρου
750 2901 858 2973 τὰς
921 2901 1119 2984 λαβὰς
1181 2903 1400 2982 ἔχοντα
1467 2901 1820 2983 δεδεμένας·
1885 2902 1996 2983 τὴν
2052 2903 2121 2965 δὲ
2182 2905 2382 2987 λαβὴν
2445 2906 2679 2987 δεσμὸν

329 3011 509 3072 καλεῖ
588 3009 625 3071 ὁ
717 3007 1127 3089 Σιμωνίδης.1
1213 3004 1348 3071 Sed
1437 3006 1599 3071 haec
1681 3007 2140 3091 interpretatio,
2223 3028 2412 3091 quam
2492 3011 2678 3075 acuto

327 3111 903 3192 Alexandrinorum
948 3111 1203 3198 ingenio
1253 3112 1581 3204 debemus,
1633 3113 2018 3195 tragicorum
2075 3120 2404 3198 poetarum
2470 3122 2681 3184 aetate

332 3219 610 3286 nondum
656 3219 936 3284 valebat.
983 3218 1147 3283 Nam
1214 3217 1572 3302 Aeschylus
1649 3237 1789 3283 cum
1862 3218 2246 3293 adiectivum
2316 3224 2687 3308 μελάνδετος

337 3330 515 3391 scuto
563 3322 850 3389 attribuit
895 3324 1386 3406 (μελάνδετον
1431 3326 1665 3395 σάκος
1710 3323 1876 3411 Sept.
1923 3324 2058 3412 43),
2106 3325 2277 3392 idem
2322 3328 2491 3410 quod
2529 3350 2687 3395 voce

340 3432 713 3516 χαλκόδετος
749 3428 1089 3512 designare
1135 3428 1386 3495 Videtur
1439 3431 1741 3514 (κόναβος
1801 3434 1867 3496 ἐν
1922 3434 2142 3505 πύλαις
2190 3458 2281 3515 χα
2296 3435 2525 3499 λκοδέ
2535 3460 2636 3500 τω
2653 3461 2690 3500 ν

344 3539 641 3603 σακέων
684 3536 854 3622 Sept.
909 3535 1101 3618 160);
1137 3535 1353 3619 itaque
1399 3540 1771 3619 μελάνδετος
1817 3537 1938 3603 hoc
1974 3540 2118 3605 loco
2154 3540 2530 3606 vertendum
2567 3548 2690 3609 est:

350 3641 630 3728 „dunkel
674 3641 1129 3727 besehlagen“.

524 3748 866 3835 Euripides
934 3768 1086 3815 vero
1148 3749 1343 3814 etiam
1404 3747 1572 3814 hanc
1636 3750 2145 3834 explicationem,
2212 3772 2377 3833 quae
2442 3753 2693 3837 quidem

350 3855 659 3942 pristinae
702 3855 983 3922 notionis
1039 3854 1321 3940 speciem
1386 3855 1756 3936 retinuerat,
1815 3857 2148 3939 ignorasse
2208 3857 2482 3925 dilucide
2547 3860 2697 3926 inde

355 3967 640 4048 apparet,
690 3960 857 4043 quod
902 3967 1118 4027 nostro
1163 3962 1307 4026 loco
1354 3962 1599 4045 φόνῳ-
1636 3964 2007 4046 μελάνδετος
2063 3963 2428 4048 coniunxitt,
2485 3966 2701 4032 adiec-

357 4069 489 4135 tivo
533 4069 904 4152 μελάνδετος
950 4067 1143 4152 igitur
1208 4067 1450 4152 „nigri“
1502 4074 1745 4134 tantum
1789 4068 2111 4135 notionem
2160 4071 2370 4137 inesse
2414 4073 2701 4157 putabat,

539 4352 563 4391 ¹
599 4349 784 4406 Minus
810 4349 1204 4418 intelleguntur
1226 4364 1293 4406 ea
1320 4363 1463 4421 quae
1490 4354 1826 4421 sequuntur:
1862 4349 1912 4413 οἱ
1957 4350 2017 4414 δὲ
2056 4351 2340 4431 ἐπιμελῶς
2382 4312 2710 4432 ἐνδεδεμένα

365 4431 444 4512 ὡς
482 4435 622 4524 πρὸς
660 4436 759 4520 τὴν
799 4436 1006 4522 λαβήν.
2594 4520 2630 4596 q
