3250 5117
1682 434 2067 493 ..10.‚

880 620 1139 686 Summa
1172 621 1362 708 igitur
1408 622 1758 709 diligentia,
1794 642 1874 689 ne
1914 618 2222 707 salla'mur,
2261 643 2419 710 opus
2454 632 2589 708 est,
2628 631 2818 710 atque
2855 625 3041 691 nimis

703 732 923 793 cautus
970 728 1396 813 providusque
1439 730 1505 795 in
1553 729 1920 797 disserendo
1969 730 2173 798 videri
2234 731 2443 798 malim
2504 752 2689 818 quam
2735 737 3058 820 praeceps

705 840 895 918 atque
942 836 1327 905 temerarius.
1375 837 1521 905 Jam
1568 837 1653 904 ad
1690 857 1821 904 rem
1866 838 2075 924 ipsam
2120 838 2517 907 accedamus.
2565 879 2648 891 —

1494 1322 2259 1405 AESCHYLUS.

884 1508 1098 1591 Anam.
1138 1506 1271 1574 676
1308 1525 1443 1590 sq.:

1258 1680 1312 1741 εἰ
1355 1679 1531 1742 ὃόὔν
1576 1704 1662 1749 τις
1708 1679 1929 1751 ἀκτὶς
1975 1681 2199 1761 ἡλίου
2247 1704 2337 1742 νιν
2384 1681 2610 1762 ἱστορεῖ

1259 1786 1363 1849 καὶ
1410 1789 1666 1861 ζῶντα
1715 1788 1844 1849 καὶ
1889 1788 2300 1869 βλέποντα.

702 1951 810 2018 Sic
846 1950 1139 2034 ⁴codiees3
1189 1951 1470 2038 Toupius
1509 1953 1740 2020 collato
1786 1954 2146 2039 Hesychio:
2184 1956 2435 2039 χλωρόν
2479 1980 2542 2018 τε
2587 1955 2692 2017 καὶ
2735 1955 3042 2037 βλέποντα

702 2061 830 2125 ἀντὶ
875 2068 982 2125 τοῦ
1032 2064 1233 2135 ζῶντα
1272 2059 1571 2126 traditum
1615 2060 1772 2128 illud
1808 2064 1914 2127 καὶ
1950 2066 2151 2137 ζῶντα
2189 2062 2253 2127 in
2290 2064 2540 2146 χλωρόν
2577 2087 2638 2125 τε
2674 2058 3044 2126 mutandum

703 2186 845 2233 esse
893 2167 1167 2234 censuit:
1217 2173 1420 2243 ζῶντα
1468 2168 1634 2233 enim
1680 2168 1835 2235 illud
1883 2169 2244 2254 explicandi
2300 2189 2491 2235 causa
2546 2188 2738 2254 supra
2790 2168 3046 2251 χλωρόν

702 2274 873 2361 apud
917 2275 1303 2359 Aeschylum
1347 2276 1648 2361 scriptum
1692 2275 1906 2357 fuisse,
1954 2277 2124 2359 quod
2170 2297 2311 2343 cum
2356 2282 2585 2362 postea
2629 2294 2841 2342 errore
2888 2295 3045 2358 quo-

702 2383 851 2449 dam
896 2382 960 2448 in
1005 2387 1246 2448 textum
1292 2383 1670 2468 irrepsisset,
1720 2402 1943 2450 vocem
1989 2384 2324 2468 genuinam
2358 2384 2698 2469 expulisse.
2744 2384 3045 2449 Attamen

703 2490 756 2556 si
781 2490 1041 2556 Homeri
1070 2490 1468 2572 sententiam,
1509 2510 1588 2554 ex
1628 2511 1754 2573 qua
1781 2510 2002 2558 versus
2030 2491 2121 2557 illi
2149 2510 2441 2558 manasse
2477 2489 2769 2557 videntur
2807 2493 2844 2555 ὂ
2881 2489 3042 2557 833;

1127 2665 1187 2726 εἴ
1211 2688 1336 2725 που
1376 2664 1452 2725 ἔτι
1502 2664 1674 2736 ζώει
1722 2663 1843 2725 καὶ
1891 2664 2028 2745 ὁρᾷ
2075 2664 2265 2745 φάος
2313 2664 2611 2746 ἠελίοιο,

706 2821 1043 2909 diligenter
1087 2823 1462 2908 respexeris,
1521 2820 1693 2887 haud
1755 2823 1885 2888 scio
1949 2844 2032 2888 an
2085 2823 2272 2889 facile
2335 2821 2694 2904 adducaris,
2755 2828 2822 2888 ut
2896 2842 3042 2887 eam

704 2949 894 3013 quam
961 2929 1213 2998 codices
1278 2930 1597 3013 exhibent,
1653 2932 1988 2998 lectionem
2052 2936 2271 2996 contra
2320 2930 2548 3014 Toupii
2610 2931 3042 2995 coniecturam

701 3037 1031 3120 defendas,
1079 3038 1271 3120 idque
1308 3059 1385 3105 eo
1432 3040 1658 3124 magiS,
1706 3058 1828 3121 quo
1878 3039 2231 3104 accuratius
2268 3037 2735 3122 comparaveris
2772 3038 3041 3103 alterum

700 3146 929 3228 locum,
998 3145 1102 3211 uhi
1155 3147 1512 3230 Aeschylus
1584 3146 1761 3212 illam
1826 3146 2083 3212 Homeri
2144 3147 2523 3212 sententiam
2586 3152 2842 3213 secutus
2921 3150 3040 3227 est,

705 3255 875 3320 Pers.
924 3253 1089 3319 299:

1020 3389 1253 3473 Ξέρξης
1298 3391 1413 3472 μὲν
1461 3390 1645 3461 αὐτὸς
1692 3392 1782 3471 ζῇ
1828 3414 1901 3451 τε
1947 3390 2076 3451 καὶ
2121 3390 2395 3472 βλέπει
2442 3390 2707 3472 ᾳνοὶος.ι

882 3712 1029 3780 Gho-
1069 3710 1199 3775 410
1237 3731 1373 3793 sqq.
1398 3736 1411 3775 ε

1002 3858 1388 3919 πέπαλται
1441 3858 1655 3920 ὃάὖτέ
1697 3885 1804 3940 μοι
1853 3860 2083 3941 φίλον
2129 3860 2321 3939 κέαρ

1002 3964 1177 4026 τόνδε
1222 3965 1538 4029 κλύουσαν
1585 3965 1807 4029 οἶκτον.

1001 4072 1105 4133 καὶ
1149 4072 1279 4135 τότε
1323 4073 1438 4155 μὲν
1487 4074 1768 4142 δύσελπις

1004 4180 1380 4262 σπλάγχνα
1432 4181 1508 4242 δέ
1551 4205 1678 4262 μοι
1726 4181 2194 4243 κελαινοῦται
2241 4178 2401 4261 πρὸς
2438 4180 2585 4247 ἔπος
2631 4177 2922 4239 κλύουσα.

877 4444 897 4484 ¹
937 4442 1015 4502 Cf.
1053 4443 1247 4514 Eurip.
1290 4444 1414 4501 Hel.
1452 4445 1558 4500 530
1596 4462 1713 4513 sq.:
1770 4445 1896 4523 φησὶ
1941 4445 2079 4506 δ’ἐν
2123 4447 2282 4523 φάει

1094 4555 1250 4594 πει-ιν
1293 4535 1381 4595 τὶν
1426 4534 1565 4611 ἁμὶν
1611 4537 1843 4605 ζῶντα
1887 4536 2150 4613 φέγγος
2195 4532 2507 4613 εἰσῡραν.
