3250 5117
2819 0 2975 13 ,,,,,,

1619 462 2015 520 „34-

805 643 881 707 In
931 663 1189 710 numero
1246 644 1604 728 glossarum
1667 644 2092 729 interpretatu
2159 643 2664 710 difficillimarum
2724 644 2993 730 εὐρώεις

629 751 1013 815 adiectivum
1061 750 1301 836 optimo
1345 753 1484 817 iure
1511 750 1808 835 refertur,
1848 751 2020 835 quod
2056 751 2231 837 apud
2268 752 2612 817 Homerum
2638 738 2721 817 'et
2757 753 2992 821 Hesio-

629 859 777 923 dum
825 879 1077 943 semper
1117 855 1281 923 Orco
1339 858 1723 924 attribuitur.
1794 858 2101 924 Veterum
2163 863 2374 923 autem
2435 859 2992 943 grammaticorum

629 967 737 1031 alii
785 967 1041 1047 εὐρώεες
1089 963 1346 1030 ductum
1392 985 1537 1030 esse
1583 971 1811 1049 putant
1855 986 1895 1030 a
1938 966 2009 1029 τὸ
2064 965 2269 1050 εὖρος,
2336 964 2448 1030 alii
2513 967 2595 1031 ab
2657 968 2694 1029 0e
2757 971 2987 1053 εὐρώς,

625 1075 805 1135 velut
849 1071 1025 1135 Euat.
1089 1071 1397 1153 1196‚18:
1444 1077 1483 1155 ἢ
1529 1073 1603 1135 τὰ
1649 1074 1881 1136 πλατέα
1929 1073 2104 1155 παρὰ
2149 1072 2218 1136 τὸ
2266 1072 2451 1155 εὖρος
2496 1076 2534 1155 ἢ
2566 1073 2990 1155 τὰσεσηπότα

625 1179 797 1259 :rapui
849 1179 953 1239 τὸν
997 1183 1258 1259 εὐρῶτα.
1323 1177 1456 1244 Sed
1519 1178 1715 1243 etiam
1780 1178 1970 1244 tertia
2031 1178 2216 1243 huius
2280 1178 2578 1244 vocabuli
2642 1178 2986 1264 explicatio

629 1291 833 1363 extat,
881 1303 1045 1367 quae
1093 1285 1193 1349 hic
1227 1285 1359 1350 illic
1406 1286 1699 1366 occurrit,
1739 1285 1917 1350 velut
1954 1285 2128 1370 apud
2165 1285 2429 1350 Suidam
2464 1305 2515 1350 s.
2553 1304 2615 1349 v.
2653 1287 2987 1368 εὐρώεντα·

625 1395 925 1467 Gaurani,
981 1393 1284 1476 ζῌ-ῑΓ-ώόης
1333 1411 1498 1475 quae
1547 1413 1587 1457 a
1631 1393 1907 1457 veritate
1952 1412 2080 1456 non
2124 1393 2388 1457 multum
2440 1393 2670 1457 abesse
2716 1391 2987 1456 Videtur.

625 1499 885 1583 Legitur
933 1499 1101 1563 enim
1146 1501 1403 1582 εὐρώεις
1448 1499 1636 1565 Hom.
1685 1502 1852 1586 hym.
1909 1498 2044 1565 Cer.
2088 1498 2258 1564 482:
2305 1499 2524 1582 ζόφῳ
2570 1501 2856 1581 εὐρώεντι
2904 1518 2988 1563 ac

625 1607 969 1691 praecipue
1017 1604 1414 1671 coniunctum
1460 1626 1603 1670 cum
1647 1606 1728 1671 iis
1774 1604 2009 1687 verbis,
2061 1605 2288 1687 quibus
2333 1611 2531 1689 poeta
2595 1603 2982 1668 adiectivum

625 1715 865 1795 ’.ῇερὺεις
913 1715 1259 1777 attribuere
1308 1714 1496 1793 solet,
1544 1714 1722 1777 velut
1778 1712 1837 1776 O
1868 1712 2027 1775 191:
2065 1713 2277 1794 Ἀίδης
2324 1712 2393 1774 δὲ
2437 1713 2587 1794 λάχε
2632 1712 2831 1794 ζόφον
2875 1713 2985 1793 ἠε-

625 1819 865 1899 ρόεντα,
937 1843 969 1879 υ
1017 1819 1140 1883 64ε
1219 1822 1363 1882 κατ’
1430 1820 1727 1901 ἠερόεντα
1786 1819 2078 1884 κέλευθα.
2151 1818 2382 1899 Itaque
2450 1837 2578 1882 non
2640 1824 2741 1881 est
2811 1816 2987 1900 quod

625 1923 941 2003 miremur,
993 1922 1163 2007 quud
1209 1923 1603 1990 Doederlein
1654 1925 1855 1991 Gloss.
1910 1927 1946 1990 7
1996 1930 2172 1989 ratus
2216 1931 2336 2007 est,
2382 1923 2701 1990 adiectiva
2744 1925 2987 2006 ἠερόεις

629 2043 693 2095 et
733 2035 989 2111 εὐρώεις
1037 2031 1117 2095 ab
1166 2031 1396 2096 eadem
1441 2032 1660 2096 radice
1706 2030 2000 2116 profecta
2043 2037 2280 2115 postea
2340 2028 2595 2094 demum
2659 2028 2986 2093 diversam

625 2139 905 2219 speciem
957 2135 1272 2220 induisse3
1321 2137 1651 2204 Nauckius
1700 2135 1975 2219 denique
2023 2136 2336 2202 similibus
2399 2141 2571 2201 certe
2632 2135 2989 2201 rationibus

629 2243 941 2307 adductus
993 2251 1109 2323 est,
1146 2248 1216 2307 ut
1259 2245 1519 2326 εὐρώεις
1565 2242 1954 2308 adiectivum
2010 2242 2140 2307 iam
2188 2241 2639 2323 antiquissimis
2684 2239 2986 2323 tempori-

625 2351 745 2415 bus
793 2351 949 2415 vitiu
997 2349 1275 2431 quodam
1319 2369 1437 2434 pro
1486 2351 1725 2432 ἠερόεις
1769 2349 1835 2414 in
1880 2349 2079 2414 libros
2124 2348 2455 2433 irrepsisse
2522 2346 2982 2413 arbitraretur}

805 2483 937 2547 Sed
985 2491 1053 2547 ut
1101 2480 1358 2547 redeam
1405 2481 1489 2546 ad
1538 2480 1699 2546 duas
1744 2480 2308 2566 interpretationes
2343 2482 2489 2546 illas
2527 2479 2608 2545 ab
2644 2479 2983 2545 Eustathio

629 2587 937 2675 proditae,
985 2595 1315 2671 utramque
1359 2594 1618 2654 nostrae
1669 2587 1904 2652 aetatis
1950 2588 2072 2652 viri
2119 2587 2291 2654 docti
2339 2586 2500 2652 tueri
2547 2587 2757 2652 conati
2821 2592 2992 2668 sunt,

629 2715 793 2775 quae
845 2695 1153 2760 dissensio
1194 2694 1402 2760 denuo
1441 2700 1585 2760 orta
1624 2699 1723 2759 est
1758 2695 1825 2757 in
1854 2693 2193 2778 Sophoclis
2230 2694 2521 2760 versibus
2559 2696 2665 2758 Ai.
2708 2691 2878 2756 1165
2910 2712 2993 2773 sq

629 2823 785 2883 quus
853 2823 1045 2887 supra
1105 2800 1578 2885 exscripsimus,
1653 2800 2024 2865 tractandis.
2123 2801 2334 2883 Atque
2397 2800 2666 2884 primum
2733 2798 2991 2882 quidem

625 2907 1029 2971 Hermanuus
1069 2907 1148 2972 de
1193 2927 1356 2972 voce
1403 2909 1663 2989 εὐρώεις
1711 2903 1899 2970 dicit:
1951 2906 2190 2986 „Miras
2226 2905 2411 2971 huius
2457 2904 2752 2971 vocabuli
2795 2904 2991 2968 inter-

625 3015 1013 3097 pretationes
1061 3014 1310 3099 peperit
1356 3012 1671 3078 derivatio
1722 3012 1804 3076 ab
1852 3014 2073 3095 εὐρώς.
2120 3012 2220 3078 Ab
2260 3015 2446 3095 εὐρύς
2482 3012 2738 3097 poetica
2773 3011 2991 3075 termi-

629 3119 889 3183 natione
921 3119 1153 3183 factum
1181 3120 1440 3198 εὐρώεις
1469 3116 2002 3199 significationem
2031 3117 2237 3183 induit
2265 3118 2444 3184 vocis
2478 3123 2994 3199 consentaneam,

633 3231 701 3283 ut
746 3243 873 3287 unu
921 3223 1287 3307 simpliciter
1330 3223 1550 3302 latum,
1599 3221 1719 3288 sed
1764 3230 2015 3288 vastum
2057 3228 2375 3289 notaret.“
2427 3223 2607 3302 Quae
2645 3224 2999 3288 Hermanni

629 3331 949 3395 sententia
1029 3328 1285 3393 minime
1365 3331 1672 3412 probatur
1753 3329 2343 3412 Bodenheimerio,2
2422 3330 2532 3411 qui
2604 3328 3000 3395 confidenter

637 3435 929 3515 affirmat,
1001 3438 1255 3519 εὐρώεις
1319 3435 1709 3501 adiectivum
1781 3438 1864 3503 ab
1946 3441 2165 3521 εὐρώς·
2238 3438 2599 3503 ducendum
2674 3454 2836 3516 esse,
2915 3439 2999 3500 ut

633 3539 945 3623 „putrid'r‘
989 3543 1309 3606 notionem
1341 3541 1601 3624 habeat,
1637 3560 1828 3624 quam
1859 3542 2323 3608 derivationem
2360 3542 2553 3608 etiam
2583 3541 2996 3627 Sophoclem,

629 3647 865 3731 quippe
933 3647 1037 3731 qui
1105 3648 1274 3713 dicat
1336 3651 1585 3732 τάφον
1653 3651 1989 3732 εὐρώεντα,
2058 3669 2184 3715 non
2249 3651 2454 3716 solum
2524 3650 2802 3733 novisse,
2867 3645 2998 3713 sed

633 3755 993 3839 agnovisse.
1065 3755 1464 3836 Quamquam
1533 3760 1758 3820 autem·
1815 3757 2132 3821 assentior
2193 3754 2724 3821 Bodenheimerio
2785 3753 2995 3837 impu·

629 3859 853 3943 guanti
901 3859 1473 3942 Schneidewinum,
1523 3861 1633 3944 qui
1668 3865 1855 3945 putat
1880 3868 2099 3927 nostro
2128 3863 2273 3928 loco
2311 3860 2566 3944 Orcum,
2605 3859 3002 3927 domicilium

637 4055 1167 4064 —-.———

809 4223 825 4263 1
865 4215 941 4271 Gt
985 4215 1069 4271 W.
1113 4216 1356 4286 Schulze‚
1393 4223 1621 4289 quaest.
1659 4221 1806 4288 epic.
1846 4236 1900 4289 p.
1940 4220 2142 4289 475,3:
2189 4222 2472 4291 „Traditio
2503 4219 2786 4277 substituit
2811 4215 2998 4287 pleni-

629 4307 713 4355 ori
749 4303 969 4383 ἠερὲεις
1021 4307 1117 4381 (ζ)
1171 4304 1365 4385 ἠρόεις
1404 4306 1560 4385 Hes.)
1625 4305 1859 4363 formam
1914 4314 2188 4366 curtatam
2238 4312 2454 4390 εὐρὸεις
2502 4310 2598 4389 (<
2652 4308 2685 4345 *
2734 4306 2999 4386 ηὐρ·6εις

629 4391 697 4447 cf.
741 4391 925 4471 αὖρα),
973 4395 1125 4447 cuius
1162 4393 1491 4463 significatio
1527 4396 1598 4453 ab
1635 4395 1730 4451 illo
1767 4396 1907 4453 nihil
1944 4398 2277 4474 discrepat“.

809 4509 833 4547 ἓ
869 4507 901 4563 1.
945 4507 981 4563 l.
1021 4527 1073 4579 p.
1113 4510 1196 4565 52.
