3250 5117
1271 428 1665 486 —614

286 611 619 698 paululum
678 609 965 680 haereas.
1053 612 1263 697 Atque
1315 611 1622 699 imprimis
1667 632 1748 678 ne
1795 611 2180 679 scholiastae
2238 610 2303 679 h.
2350 611 2395 679 l.
2442 611 2631 678 inter·

291 716 720 802 pretationem
783 718 1017 803 probes
1081 717 1189 799 qui
1253 715 1440 781 dicit:
1506 718 1853 801 ἀκάρπιοτα
1920 718 1988 781 δὲ
2050 719 2229 780 πεδία
2299 720 2359 781 οῖ
2399 721 2517 800 μὲν
2570 719 2643 782 τὰ

292 827 750 907 πολύκαρπα,
797 832 972 890 recte
1009 829 1235 889 monet¹
1267 823 1684 888 Buttmannus
1734 824 2017 909 Sprachl.
2058 823 2124 887 II
2159 844 2221 908 p.
2252 823 2416 890 466:
2468 824 2646 909 „Wir

290 931 557 996 konnen
613 958 654 996 α
714 931 1095 996 intensivum
1156 930 1261 994 fiir
1323 930 1428 994 die
1488 930 1696 1010 Falle,
1765 929 1871 994 die
1927 929 2061 994 sich
2116 929 2306 1012 jeder
2364 929 2645 995 anderen

290 1038 661 1123 Erklarung
725 1036 1072 1117 entziehen‚
1136 1035 1524 1120 annehmen;
1592 1036 1750 1100 aber
1813 1052 1959 1097 man
2026 1032 2173 1098 darf
2231 1033 2369 1099 dies
2417 1035 2646 1103 durch—

293 1164 414 1211 aus
459 1146 639 1234 nicht
676 1166 750 1213 so
796 1147 1159 1229 verstehen,
1220 1147 1318 1212 als
1378 1148 1598 1211 hatten
1661 1144 1850 1210 beide
1896 1144 2359 1230 Bedeutungen
2404 1147 2471 1231 (α
2517 1144 2641 1229 pri-

294 1253 579 1318 vativum
643 1253 773 1317 und
836 1253 1240 1336 intensivum)
1299 1254 1363 1317 in
1436 1253 1551 1318 der
1621 1252 1905 1336 Sprache
1979 1251 2495 1317 nebeneinander
2568 1270 2640 1316 so

297 1362 675 1442 bestanden,
724 1359 873 1425 dass
920 1380 989 1425 es
1037 1361 1205 1426 wohl
1252 1381 1368 1444 gar
1408 1359 1728 1443 jedesmal
1772 1357 2249 1445 freigestanden
2297 1358 2492 1440 hatte,
2541 1357 2645 1422 ein

298 1466 484 1533 Wort
528 1488 599 1533 so
648 1467 803 1532 oder
848 1486 920 1532 so
969 1486 1047 1530 zu
1093 1466 1450 1530 erklaren.“
1525 1465 1926 1531 Adiectivum
1973 1467 2351 1548 ἀκάρπιοτος
2398 1473 2639 1546 contra,

299 1594 442 1639 cum
505 1579 718 1639 nostro
780 1579 1023 1638 tantum
1091 1574 1233 1637 loco
1298 1573 1675 1653 inveniatur,
1758 1573 2061 1658 singulari
2135 1574 2324 1638 modo
2392 1578 2646 1658 oportet

295 1679 801 1766 interpretemur,
861 1699 1069 1763 neque
1128 1679 1350 1745 dubito
1412 1681 1473 1744 ei
1528 1699 1720 1763 quam
1768 1679 2027 1746 Geelius
2072 1680 2316 1764 profert
2362 1681 2636 1766 explica·

295 1787 455 1853 tioni
501 1788 829 1854 assentiri:
900 1807 1042 1853 cum
1087 1789 1405 1869 καρπίζειν
1451 1806 1578 1851 non
1624 1793 1865 1851 tantum
1912 1787 1994 1852 sit
2045 1794 2318 1871 „terram
2363 1785 2641 1853 fertilem

298 1894 634 1977 reddere“‚
701 1894 820 1960 sed
877 1896 1290 1977 καρπίζεσθαι
1337 1902 1450 1978 γῆν
1508 1894 1765 1979 „fruges
1826 1894 2196 1960 demetere“
2258 1900 2324 1959 et
2369 1900 2645 1977 „terram

299 2004 524 2069 crebra
584 2002 832 2069 satione
900 2001 1295 2080 exhaurire“,
1354 2001 1576 2067 Sicilia
1632 2000 1758 2076 dici
1821 2001 2028 2085 potuit
2071 2004 2451 2084 ἀκάρπιοτος
2494 2002 2535 2069 i.
2587 2021 2644 2067 e.

298 2116 478 2175 tanta
548 2110 900 2192 fertilitate,
977 2115 1043 2173 ut
1105 2128 1356 2193 semper
1417 2108 1633 2191 fruges
1695 2108 1890 2173 ferret
1953 2126 2071 2172 nec
2136 2110 2327 2193 plane
2389 2109 2647 2196 fatigari

296 2225 546 2303 posset;
595 2237 782 2300 quam
829 2215 1165 2301 Sophoclis
1209 2216 1421 2281 verbis
1468 2215 1707 2281 dixeris
1755 2220 1972 2303 Antiy.
2011 2216 2176 2282 339:
2227 2223 2341 2298 γᾶν
2377 2218 2646 2299 ἄφθιτον

295 2327 646 2408 ἀκαμάταν.
700 2364 784 2375 -
842 2323 1046 2401 Quam
1103 2323 1693 2408 interpretationem
1738 2343 1815 2388 eo
1860 2322 2112 2390 facilius
2158 2324 2458 2408 accipias,
2505 2343 2629 2405 quo

297 2432 502 2515 magis
566 2438 776 2498 tecum
839 2432 1255 2516 reputaveris,
1316 2430 1549 2495 famam
1610 2450 1800 2515 opum
1849 2430 2333 2513 divitiarumque
2380 2430 2640 2497 Siciliae

293 2559 409 2626 per
456 2546 654 2604 totam
702 2539 1036 2605 Graeciam
1083 2539 1591 2604 concelebratam
1639 2538 1856 2604 fuisse.
1889 2578 1974 2588 —-
2016 2540 2238 2621 Itaque
2276 2558 2646 2623 persuasum

290 2648 524 2729 habeo,
561 2647 931 2732 Euripidem
976 2647 1191 2712 verbis
1237 2648 1584 2730 ἀκάρπιστα
1632 2647 1811 2711 πεδία
1860 2646 2274 2731 paraphrasin
2321 2647 2631 2731 praebere

289 2754 611 2820 Homerici
657 2756 985 2838 ἀτρύγετος
1031 2753 1285 2820 minime
1332 2753 1398 2817 in
1446 2754 1653 2818 animo
1702 2752 2020 2820 habuisse.
2070 2753 2257 2832 Quod
2293 2754 2349 2819 si
2384 2759 2639 2820 veteres

288 2862 686 2949 grammatici
766 2862 1133 2941 credebant,
1211 2865 1383 2926 certo
1458 2861 1791 2941 errabant3
1867 2867 1931 2926 et
2004 2860 2303 2926 Horatius
2379 2880 2628 2945 quoque

292 2970 569 3050 errabat,
629 2970 864 3056 quippe
925 2970 1032 3052 qui
1094 2967 1642 3056 grammaticorum
1698 2966 1951 3033 illorum
2009 2967 2407 3054 disciplinam
2454 2988 2634 3035 acce-

291 3076 511 3162 pisset.

476 3279 705 3347 Phoen.
755 3277 885 3342 666
932 3296 1086 3361 sqq:

383 3446 700 3531 (Κάδμος)
797 3448 931 3517 δίας
977 3448 1295 3530 ἀμάτορος
1341 3446 1642 3528 φραδαῖσι
1687 3444 2026 3515 Ηαλλάδος

797 3561 1071 3637 γαπετεῖς
1119 3554 1317 3618 δικὼν
1363 3552 1626 3623 ὀδόντας

798 3663 861 3732 ἐς
905 3661 1490 3745 βαθυσπόρουςι
1543 3660 1713 3741 γύας.

474 3829 987 3911 Βαθύσπορὸς
1051 3848 1192 3893 cum
1247 3829 1614 3913 singulare2
1690 3827 2012 3910 quoddam
2087 3828 2475 3895 adiectivum
2538 3827 2644 3911 sit,

300 3961 534 4026 operae
597 3940 868 4025 pretium
933 3958 1076 4004 esse
1141 3937 1421 4004 videtur.
1456 3940 1845 4023 perquirere,
1910 3946 2117 4003 utrum
2155 3938 2271 4004 ⁴ab
2336 3938 2642 4023 Euripide

299 4047 438 4132 ipso
484 4049 695 4113 fictum
743 4067 825 4112 an
871 4045 1126 4111 aliunde
1173 4044 1610 4131 depromptum
1662 4045 1759 4111 sit.
1814 4046 2040 4129 Neque
2089 4044 2382 4111 dubitare
2432 4065 2643 4129 quem·

477 4255 498 4292 1
535 4251 892 4330 Basompog
933 4259 1258 4316 adiectivum
1303 4258 1448 4313 redit
1493 4259 1663 4328 paulo
1710 4264 1839 4314 ante
1889 4261 1958 4326 (v.
1996 4258 2148 4328 647),
2200 4259 2293 4328 qui
2338 4260 2491 4314 locus
2530 4274 2645 4314 cor-

296 4352 515 4420 ruptior
550 4355 652 4418 est,
693 4364 856 4418 quam
893 4355 955 4403 ut
993 4349 1131 4404 certi
1169 4347 1465 4417 quidquam
1503 4364 1571 4402 ex
1610 4364 1675 4402 eo
1715 4348 1898 4417 colligi
1934 4348 2129 4417 possit.

476 4443 500 4480 2
537 4440 687 4508 apud
735 4439 1056 4508 Euripidem
1110 4438 1282 4494 solum
1339 4437 1640 4506 invenitur3
1697 4454 1823 4493 nam
1876 4437 2043 4508 Orph.
2084 4441 2272 4507 hjmn.
2313 4438 2393 4491 XI
2430 4437 2498 4491 14
2535 4453 2644 4492 non

299 4530 668 4612 βαθύσπορον,
713 4537 812 4596 sed
849 4528 1153 4610 βαθύρροον
1195 4537 1540 4594 scribendum
1578 4542 1681 4592 est.
