3250 5117
1219 426 1615 485 —55-

200 610 359 674 tivo
417 612 703 692 ὃιοπετής
750 606 1108 691 exprimere
1154 605 1221 670 in
1266 624 1383 672 usu
1431 613 1588 672 erat.
1639 607 1875 680 Postea
1920 608 2166 675 seilicet
2211 612 2480 694 ὅιιπετής
2525 617 2593 678 et

204 716 519 799 διοπετής
565 713 885 780 adiectiva
929 731 1055 779 non
1100 713 1226 778 iam
1273 712 1833 798 discernebantur-3
1883 735 2185 799 compara
2232 735 2291 781 e.
2328 738 2391 803 g.
2430 717 2590 786 Luc.

206 823 422 910 νικας.
469 823 548 886 9:
594 821 928 886 θεσπέσιόν
975 845 1027 884 τι
1086 827 1324 902 χρῆμα,
1381 818 1441 883 ὦ
1500 820 1754 899 Λυκῖνε,
1807 821 1936 907 φὴς
1980 823 2086 886 καὶ
2133 824 2460 894 διιπετὲς
2497 825 2592 895 ὥς

197 928 495 1012 ἀληθῶς
542 928 675 992 οἷον
722 952 774 990 τι
816 932 946 990 τῶν
993 928 1060 1000 ἐξ
1096 926 1372 1008 οὐρανοῦ
1411 927 1616 1008 γένοιτ’
1659 927 1738 990 ἄν
1774 932 1969 1010 atque
2000 925 2152 992 Luc.
2188 930 2462 995 Icarom.
2501 929 2589 992 2:

202 1034 477 1116 ὄνειρον
521 1035 660 1116 γὰρ,
709 1031 769 1097 ὦ
813 1040 944 1111 τᾶν,
995 1033 1174 1096 δοκῶ
1221 1053 1319 1096 σοι
1363 1032 1555 1114 λέγειν
1592 1034 1663 1103 ὃς
1700 1034 1928 1115 ἀρτίως
1964 1035 2231 1116 ἀφῖγμαι
2266 1035 2441 1118 παρὰ
2477 1042 2589 1100 τοῦ

209 1141 418 1217 Διός,·
464 1179 552 1189 -
595 1139 759 1209 Πῶς
814 1141 1107 1222 ἔφησθα,·
1165 1135 1501 1207 Μένιππος
1554 1140 1703 1221 ἡμῖν
1760 1139 2119 1222 διοπετὴς
2170 1143 2465 1221 πάρεστιν
2520 1143 2587 1215 ἐξ

204 1247 511 1329 οὐρανοῦ
526 1271 547 1322 ,·
595 1283 680 1293 —-
727 1244 854 1308 Καὶ
896 1245 1026 1327 μὴν
1073 1246 1199 1326 ἐγώ
1257 1264 1355 1308 σοι
1417 1246 1589 1325 παρ’
1656 1246 1887 1309 αὑτοῦ
1952 1245 2189 1309 ἐκείνου
2251 1254 2360 1312 τοῦ
2421 1248 2589 1312 πάνυ

212 1354 269 1414 Δ
292 1378 315 1416 ι
337 1353 431 1422 ὸς
473 1354 637 1435 ἥκω,
684 1350 933 1433 utrique
979 1350 1124 1414 voci
1170 1348 1442 1414 eandem
1488 1347 2016 1435 significationem
2053 1350 2405 1417 subiectam
2443 1371 2590 1417 esse

212 1459 550 1537 censebis,
600 1476 865 1540 eamque
913 1475 1080 1538 quae
1125 1456 1426 1541 primaria
1470 1455 1773 1521 adiectivi
1835 1458 2102 1541 διιπετής
2160 1456 2357 1523 fuisse
2412 1457 2588 1534 vide-

209 1570 353 1629 tur.
402 1565 803 1649 Intellegitur
848 1569 1060 1629 autem
1122 1582 1204 1627 ex
1257 1562 1381 1628 hac
1436 1563 1827 1645 quaestione,
1897 1582 2089 1646 quam
2141 1564 2401 1628 multum
2462 1563 2590 1636 iam

212 1670 561 1756 Euripidis
607 1669 998 1755 temporibus
1042 1668 1598 1757 grammaticorum
1644 1668 1995 1736 auctoritas
2035 1669 2358 1740 valuerit.-

417 1960 538 2044 ιμιι.
588 1960 721 2029 Aut.
769 1958 911 2024 247.
951 1976 1112 2042 sqq:
1449 2049 1734 2119 Ἀτθίδος
1787 2049 1844 2112 ὁ,
1896 2045 2075 2130 ἄγων

679 2155 1006 2236 »ἑξήκοντα
1053 2160 1206 2223 ναῦς
1252 2154 1288 2216 ὅ
1341 2150 1602 2236 Θησέως
1696 2176 1699 2179 ’

708 2267 853 2330 παῖς
899 2261 1041 2341 ἑξῆς
1088 2259 1406 2343 ἐναυλόχει
1451 2261 1609 2324 θεὰν

708 2365 998 2429 Παλλάδ’
1052 2366 1117 2428 ἐν
1161 2368 1556 2448 μωνύχοις

709 2474 875 2554 ἔχων
919 2478 1426 2554 πτερωτοῖσιν
1484 2474 1825 2555 ἅρμασιν
1870 2475 2073 2538 θετόν.

416 2591 650 2705 ΡΙΙθιθη.
700 2634 856 2701 792:
903 2638 1227 2719 μώνυχα
1271 2637 1548 2702 πῶλον.

414 2764 734 2832 Adiectivi
777 2770 1082 2848 μῶνυξΙ
1133 2765 1303 2849 quod
1348 2765 1520 2850 apud
1566 2767 1910 2834 Homerum
1975 2788 2227 2854 semper
2286 2791 2592 2855 equorum

223 2871 563 2957 epitheton
609 2880 727 2955 est,
767 2880 1022 2938 veteres
1058 2872 1457 2956 grammatici
1493 2892 1681 2938 unam
1719 2879 1963 2939 tantum
2000 2875 2592 2961 interpretationem

227 2977 495 3043 novisse
541 2977 855 3060 videntur,
922 2997 1111 3060 quam
1168 2980 1480 3064 praebent
1544 2986 1612 3044 et
1673 2980 1781 3045 alii
1846 2986 1913 3046 et
1976 2982 2338 3066 Hesychius
2411 3004 2463 3051 s.
2529 3006 2591 3051 v.

220 3088 479 3166 μῶνυξ·
526 3087 564 3148 ὁ
608 3087 760 3167 μίαν
806 3085 1006 3167 ὁπλὴν
1051 3087 1236 3168 ἔχων,
1284 3088 1713 3169 ,ιιονώνυχος,2
1759 3105 1924 3169 quae
1961 3087 2249 3171 proxime
2296 3090 2381 3155 ad
2427 3093 2591 3159 veri·

226 3195 438 3254 tatem
483 3189 792 3256 accedere
837 3189 1128 3272 videtui-3
1176 3210 1557 3273 quamquam
1611 3196 1840 3273 μῶνυξ
1901 3211 2033 3258 non
2089 3215 2130 3258 a
2187 3198 2588 3282 μονώνυχος,

226 3295 358 3361 sed
402 3315 444 3360 a
487 3295 825 3378 *σμ-ῶνυξ
868 3296 976 3382 (cf.
1026 3297 1136 3361 lat.
1184 3298 1531 3382 simplex)
1579 3296 2021 3364 deducendum
2061 3301 2208 3366 est.3
2250 3302 2592 3371 Recentio·

233 3401 412 3468 ribus
477 3402 731 3468 demum
795 3402 1174 3484 quibusdam
1247 3403 1400 3468 viris
1465 3403 1670 3469 doctis
1742 3405 2333 3489 interpretationem
2410 3409 2590 3494 illam

229 3508 582 3591 antiquitus
643 3507 945 3574 traditam
1004 3510 1067 3574 in
1129 3507 1592 3602 dubitationem
1659 3531 1893 3576 vocare
1955 3512 2217 3595 placuit,
2281 3514 2590 3599 imprimis

230 3612 712 3696 Doederleinio‚
749 3615 857 3697 qui
896 3613 1050 3680 dicit
1090 3617 1296 3682 Gl033.
1336 3616 1502 3682 882:
1557 3616 1804 3701 „Wenn
1839 3616 1942 3682 ich
1976 3617 2103 3683 den
2139 3618 2588 3704 ehrwiirdigen

415 3907 437 3945 1
471 3903 818 3959 Adiectivum
858 3903 1115 3981 μώνυχος
1155 3904 1452 3974 Euripides
1488 3920 1721 3961 novasse
1765 3906 1999 3973 videtur,
2042 3906 2184 3961 sicut
2230 3913 2287 3962 et
2336 3907 2590 3987 τρίκορυς

240 3995 302 4045 ct
337 3991 666 4069 τρικόρυθος
706 3988 943 4059 exhibet,
984 3990 1055 4047 cf.
1092 3988 1238 4046 infra
1273 4009 1328 4061 p.
1369 3990 1481 4046 58.1

415 4097 441 4135 2
475 4093 556 4150 cf.
593 4094 687 4150 Et.
724 4111 843 4164 gen.
873 4094 1168 4174 Μώνυχας·
1201 4097 1524 4176 μονώνυχας
1550 4097 1629 4168 ὡς
1657 4096 1765 4156 ἀπὸ
1794 4098 1887 4154 τοῦ
1917 4093 2187 4171 ὀνόματος
2215 4101 2256 4175 Β
2284 4102 2367 4174 (=
2390 4102 2586 4177 ὄνομα,

238 4178 391 4237 locus
427 4183 740 4254 corruptus)
777 4185 872 4246 καὶ
915 4184 1224 4260 συνώνυμον
1265 4183 1360 4243 καὶ
1402 4186 1513 4245 ἀπὸ
1553 4189 1647 4245 τοῦ
1677 4186 1845 4261 μόνος
1870 4184 1965 4243 καὶ
1994 4189 2086 4244 τοῦ
2114 4183 2309 4264 ὄνυχος
2332 4185 2591 4270 ἀποβολῇ

234 4273 335 4327 τοῦ
376 4290 404 4327 ν
450 4270 767 4349 μονώνυχος
820 4275 885 4350 (Ι.
942 4273 1261 4352 μοώνυχας)
1314 4273 1409 4332 καὶ
1464 4274 1659 4353 κράσει
1715 4277 1809 4333 τοῦ
1866 4292 1895 4331 ο
1947 4274 2042 4333 καὶ
2100 4295 2145 4332 ω
2208 4273 2289 4345 εἰς
2344 4296 2389 4333 ω
2443 4277 2593 4354 μέγα

240 4353 523 4433 μώνυχας.

417 4460 443 4500 ³
481 4457 564 4515 cf.
604 4459 851 4532 Schulze,
890 4470 1095 4533 quaes*
1134 4468 1279 4534 θρῖα
1318 4483 1371 4534 p.
1412 4466 1516 4520 107
1553 4473 1612 4521 et
1649 4467 1798 4521 117ss
