3250 5117
1205 373 1597 430 -51-

195 556 486 617 111111111.ι
548 551 728 632 Quae
776 561 990 619 autem
1054 556 1233 621 vocis
1295 557 1684 639 ὑπερφίαλος
1758 557 1841 620 sit
1912 555 2112 642 origo,
2183 574 2391 637 neque
2462 576 2580 623 nos

201 665 399 725 certo
446 659 681 726 scimus
726 680 935 743 neque
983 662 1272 727 sciebant
1315 669 1592 743 veteres,
1660 681 1922 744 quorum
1992 661 2179 727 alteri
2244 682 2324 727 ex
2388 665 2577 746 φιάλη

203 782 364 830 eam
432 765 773 832 deductam
838 785 979 833 esse
1045 770 1381 852 putabant,
1443 768 1613 851 quod
1680 768 1933 834 minime
1995 768 2284 854 intellegi
2347 775 2579 853 potest,
2709 753 2714 760 ⁶

202 871 411 937 alteri
456 892 538 937 ex
582 875 930 956 ὑπερφυής,
978 875 1155 938 velut
1198 874 1605 940 Aristarchus
1652 874 1831 940 schol
1877 901 1897 938 ι
1948 874 2108 939 106:
2152 877 2580 959 μεγαλοφυῶν

198 986 309 1060 τῷ
360 981 620 1061 σώματι.
667 978 892 1061 Neque
942 978 1183 1060 dubito,
1223 981 1374 1063 quin
1419 981 1868 1063 grammaticus
1914 981 2020 1045 hic
2082 980 2346 1068 insignis
2403 990 2577 1048 recte

201 1081 297 1148 de
352 1084 537 1149 huius
583 1084 884 1150 adiectivi
931 1092 1149 1169 etymo
1196 1085 1576 1151 iudicaverit
1635 1106 1774 1150 cum
1823 1085 2005 1168 dixit,
2067 1087 2244 1153 vocis
2307 1089 2581 1154 naturali

200 1209 290 1256 ac
343 1192 681 1276 principali
725 1190 1194 1274 significationi,
1242 1212 1368 1274 qua
1413 1190 1626 1275 figura·
1681 1192 1994 1273 quaedam
2063 1191 2341 1258 humano
2408 1201 2580 1261 statu

201 1297 523 1380 grandior
560 1297 988 1377 denotaretur,
1027 1298 1184 1362 nihil
1222 1298 1691 1383 vituperatione
1724 1298 1982 1382 dignum
2019 1299 2251 1380 inesse,
2293 1299 2377 1364 ad
2408 1299 2576 1382 quod

203 1403 620 1488 probandum
686 1404 952 1469 contulit
1014 1430 1065 1486 φ
1107 1404 1258 1485 289,
1319 1405 1430 1470 ubi
1499 1404 1810 1469 Antinous
1872 1403 2066 1469 dicit:
2147 1407 2578 1487 ὑπερφιάλοισι

205 1511 381 1591 μεθ’
433 1512 642 1592 ἡμῖν,·
688 1529 838 1574 nam
888 1512 1049 1590 „oz'm
1095 1513 1175 1573 ἂν
1220 1511 1478 1581 ἑαυτοὺς
1523 1517 1746 1581 κακῶς
1791 1511 2039 1592 ἔλεγον“
2091 1509 2329 1594 (Apoll.
2378 1510 2574 1595 Soph.

214 1614 513 1701 158,30).
564 1615 895 1697 Plerisque
942 1634 1096 1681 vero
1144 1615 1314 1700 apud
1358 1616 1706 1681 Homerum
1763 1616 1921 1682 locis
1983 1617 2366 1699 ὑπερφίαλος
2422 1617 2579 1681 nihil

209 1721 398 1786 aliud
442 1720 763 1804 significat
806 1722 929 1786 nisi
980 1723 1353 1806 „superbus,
1399 1721 1751 1804 insolens“,
1802 1727 1866 1786 et
1901 1722 2246 1807 praecipue
2286 1722 2578 1788 effrenati
2617 1749 2634 1762 ·

179 1827 586 1911 ‚Penelopae
630 1827 809 1911 proci
856 1827 946 1893 sic
989 1827 1412 1892 nominantur.
1463 1825 1651 1904 Quod
1698 1833 1911 1891 autem
1973 1827 2365 1893 Aristonicus
2424 1827 2578 1893 dicit

212 1932 311 1997 ad
352 1933 410 1996 O
435 1933 568 1998 94:
615 1936 654 2016 ἡ
706 1935 890 2016 διπλῆ
935 1937 1026 1998 ὅτι
1071 1935 1456 2025 ὑπερφίαλος
1501 1940 1614 1997 νῦν
1674 1934 1792 2014 μὲν
1858 1936 1956 1996 ἐπὶ
2018 1935 2250 2016 ψόγου,
2318 1933 2385 1998 id
2449 1954 2576 1999 non

213 2039 430 2103 solum
483 2039 653 2105 illius
727 2039 977 2105 demum
1050 2039 1440 2124 temporibus
1500 2039 1782 2119 valebat,
1855 2040 1971 2104 sed
2035 2040 2166 2104 iam
2240 2040 2577 2125 Sophoclis

213 2151 457 2226 aetate,
520 2145 753 2229 quippe
813 2164 999 2227 quem
1064 2145 1448 2227 ὑπερφίαλος
1515 2163 1675 2210 voce
1739 2146 2035 2228 ὑβριστής
2100 2145 2578 2229 interpretatum

214 2268 367 2315 esse
405 2271 484 2314 ex
522 2252 664 2317 loco
702 2271 897 2335 supra
933 2258 1421 2317 commemorato
1458 2250 1615 2316 satis
1652 2257 1969 2335 appareat
2028 2288 2112 2297 —
2151 2251 2324 2318 Loco
2362 2257 2576 2317 autem

218 2356 487 2421 alterius
536 2357 839 2422 adiectivi
885 2359 1325 2439 ἀθέμιστος,
1374 2356 1546 2439 quod
1592 2357 1790 2422 schol.
1839 2358 1899 2420 A
1949 2357 2036 2422 ad
2081 2357 2221 2422 163
2267 2358 2577 2443 interpre-

214 2466 391 2526 tatur
411 2443 452 2525 2x
490 2464 826 2544 ἀθέμιστός
890 2465 1046 2528 ἔστιν
1108 2465 1145 2527 ὁ
1210 2463 1429 2533 ἄδικος
1497 2464 1604 2526 καὶ
1665 2464 1954 2546 ἄνομος
2034 2465 2139 2527 καὶ
2221 2466 2572 2547 θηριώδης,

208 2563 580 2652 Sophocles
615 2588 775 2635 voce
820 2571 1059 2652 ἄνομος
1106 2569 1314 2634 utitur.

392 2676 625 2741 Restat
672 2693 860 2739 unum
899 2674 1069 2758 apud
1107 2674 1495 2759 Sophoclem
1528 2675 1896 2759 epitheton:
1945 2678 2326 2760 ὑπέροχον
2371 2680 2571 2768 βίαν,

213 2782 384 2863 quod
451 2782 538 2847 ad
595 2782 788 2847 aliam
850 2781 1113 2846 Homeri
1168 2800 1394 2846 vocem
1459 2781 1850 2866 respondere
1916 2781 2185 2847 videtur.
2268 2781 2453 2860 Quod
2521 2782 2575 2847 si

209 2887 489 2972 respicio
536 2891 573 2964 ζ
617 2887 687 2952 5:

535 3059 729 3139 ἀγχοῦ
773 3056 1160 3121 Κυκλώπων
1206 3056 1463 3137 ἀνδρῶν
1509 3056 2245 3138 ὑπερηνορεόντων,

394 3223 783 3307 Sophoclem
832 3228 1163 3307 spectasse
1218 3220 1594 3287 crediderim
1641 3220 1726 3284 ad
1779 3206 1940 3285 illud
1991 3221 2569 3305 ὑπερηνορεόντων,

208 3327 385 3411 quod
431 3328 710 3414 explieat
753 3328 952 3394 schol.
1026 3327 1090 3393 V
1136 3328 1178 3392 l.
1235 3328 1317 3392 l.:
1363 3326 1937 3409 ὑπερηνορεόντων·
1997 3327 2435 3409 ὑπερεχόντων
2498 3334 2574 3409 τῇ

207 3437 462 3519 ἠνορέῃ,
509 3438 551 3500 ὅ
594 3438 715 3501 ἔστι
756 3443 831 3519 τῇ
877 3436 1182 3518 οἰνόρείοι.2
1242 3432 1466 3515 Neque
1521 3431 1742 3497 dubito
1808 3431 2196 3498 scholiastae
2262 3432 2575 3497 assentire

208 3542 318 3624 qui
362 3547 560 3625 negat
603 3541 799 3607 verbo
862 3543 1273 3625 ὑπερηνορέω
1334 3577 1423 3587 -
1487 3538 1653 3604 sicut
1698 3537 2019 3604 adiectivo
2065 3539 2450 3621 ὑπερφίαλος
2487 3574 2573 3583 -

208 3648 294 3713 ab
332 3647 514 3714 initio
549 3647 784 3713 malam
821 3645 1139 3730 quandam
1175 3645 1499 3711 notionem
1537 3644 1894 3710 subiectam
1930 3642 2149 3725 fuisse,
2189 3662 2574 3726 quamquam

210 3753 292 3819 110
340 3753 465 3821 11αο
507 3772 580 3819 10
625 3758 691 3819 01
734 3752 966 3818 nostris
1032 3752 1426 3837 temporibus
1490 3750 1841 3815 Buttmann
1904 3750 2021 3815 lex.
2086 3749 2266 3814 Hom.
2320 3749 2387 3814 H
2441 3749 2575 3814 214

211 3857 531 3925 dubitavit
595 3864 661 3925 01
732 3856 976 3940 antiqui
1049 3856 1341 3923 diversas
1422 3855 1773 3921 sententias
1852 3855 2182 3939 aperuisse
2256 3854 2572 3938 videntur,

390 4203 413 4243 ¹
454 4199 613 4271 Quod
647 4216 684 4258 a
716 4199 960 4256 Pindaro
1017 4212 1235 4269 quoque
1280 4195 1490 4252 factum
1537 4210 1664 4250 esse
1717 4193 1877 4250 110001
1936 4195 2100 4265 Pyth.
2151 4192 2208 4248 11
2255 4193 2357 4248 42:
2409 4171 2574 4273 γόνον

207 4289 630 4371 ὑπερφίαλον
674 4334 691 4351 .
738 4338 752 4351 .
801 4338 815 4353 .
865 4334 878 4350 .
925 4284 1170 4363 ὀνύμαξε
1208 4286 1474 4366 τράφοισα
1514 4282 1918 4361 Κένταυρον.

386 4417 414 4458 ²
449 4413 533 4472 cf.
570 4414 732 4472 Pind.
769 4419 934 4476 Nem.
969 4413 1054 4470 111
1089 4414 1200 4471 202
1239 4410 1569 4489 ἀνορέαις
1610 4405 1979 4484 ὑπερτάταις.
