3250 5117
1323 368 1726 425 —33-

515 551 727 634 Atque
764 550 1054 635 profecto
1091 551 1212 617 viri
1243 551 1416 618 docti
1451 552 1625 617 illius
1664 552 1897 618 aetatis
1932 551 2023 617 ita
2052 551 2330 620 sensisse
2359 555 2696 636 videntur-3

331 659 612 743 legimus
660 659 828 743 enim
876 657 1048 742 apud
1093 658 1486 742 Hesychium
1533 678 1583 725 s.
1632 678 1693 723 v.
1741 661 2062 742 ἠριγένεια·
2115 664 2275 745 παρ’
2338 667 2696 747 Αἶαχιῖλιςιι

334 766 485 852 (frg.
534 764 695 851 426)
741 768 780 847 ἡ
828 766 1035 830 λέαινα
1083 768 1408 848 ἠριγένεια,
1455 770 1494 848 ἢ
1544 768 1583 849 ἡ
1638 768 1705 830 ἕν
1761 773 1855 848 τῷ
1908 766 2044 850 ἀέρι
2088 769 2373 833 τίκτουσα
2448 775 2480 851 ij
2544 771 2576 851 ᾖ
2636 775 2696 831 ἓν

327 882 429 956 τῷ
472 875 625 954 ἔαρι.
673 870 953 949 Quarum
997 872 1595 957 interpretationum
1661 872 1868 936 altera
1931 871 2213 939 absurda
2278 879 2424 955 est‚1
2492 875 2700 939 altera

328 977 541 1062 falsa3
588 996 816 1043 vocem
864 977 1030 1042 enim
1076 979 1476 1060 ἦρι-γένεια
1521 999 1651 1044 non
1699 997 1892 1059 „vere
1951 979 2250 1063 pariens“
2319 979 2432 1046 sed
2504 1003 2696 1063 „vere

328 1089 527 1149 nata“
580 1084 955 1169 (γίγνεσθαι)
1007 1084 1319 1168 explicari
1364 1084 1669 1151 debebat.
1717 1084 1852 1150 Sed
1896 1085 2103 1169 ipsam
2132 1104 2358 1151 vocem
2396 1091 2696 1171 ἠρψὲνεια

333 1212 456 1277 pro
503 1194 863 1274 ἠυγένεια
908 1191 1184 1276 positam
1232 1210 1376 1256 esse
1422 1192 1509 1257 M.
1558 1184 1856 1259 Schmidt
1897 1193 2208 1274 coniecit3
2256 1212 2380 1277 quo
2420 1195 2692 1279 probato

333 1302 632 1386 apparet,
678 1298 1066 1380 Aeschylum
1124 1315 1375 1380 quoque
1433 1298 1764 1383 epitheton
1817 1297 1976 1364 illud
2037 1298 2309 1364 leaenae
2364 1299 2696 1381 tribuissffl

310 1402 512 1487 ‘quod
557 1404 612 1469 si
674 1402 848 1483 fecit,
916 1405 1279 1469 necessario
1340 1407 1656 1488 ἠυγένειος
1717 1405 2171 1490 interpretatus
2222 1411 2321 1471 est
2388 1407 2692 1491 „pulchro

327 1510 616 1590 mento“‚
662 1531 791 1577 non
844 1510 1153 1595 „pulchra
1197 1511 1402 1576 barba
1445 1511 1838 1595 praeditus“.

515 1617 732 1682 Pauca
776 1616 1011 1682 addam
1058 1616 1141 1681 de
1188 1617 1299 1683 illo
1347 1616 1686 1702 Sophoclis
1732 1617 1876 1683 loco
1923 1622 2029 1683 Ai.
2098 1617 2263 1699 9853
2327 1639 2476 1683 nam
2540 1639 2692 1699 qum-

329 1723 525 1789 modo
607 1730 836 1807 κενῆς
917 1722 1303 1787 adiectivum
1376 1722 1827 1808 explicandum
1900 1723 2003 1809 sit,
2067 1722 2189 1788 viri
2265 1724 2436 1790 docti
2500 1727 2688 1791 valde

331 1829 733 1895 dissentiunt.
800 1829 974 1894 Dicit
1041 1829 1211 1894 enim
1261 1829 1455 1894 schol.
1503 1829 1564 1896 h.
1623 1829 1705 1893 l.:
1769 1832 2223 1914 κεκενωμένης,
2281 1833 2692 1915 ἕστεριῃιὲιᾞς

327 1944 444 2001 τοῦ
492 1939 787 2020 συζύγου,
839 1935 1009 2017 quod
1056 1935 1374 2023 significat
1421 1936 1696 2017 „vidua“
1758 1942 1823 2002 et
1882 1937 1967 2002 ad
2031 1938 2444 2004 Tecmessam
2508 1959 2692 2003 rern-

336 2041 617 2107 candum
665 2047 778 2108 est.
819 2041 1025 2119 Quam
1071 2041 1663 2127 interpretationem
1707 2043 1876 2108 male
1923 2042 2274 2108 defendunt
2322 2043 2692 2111 L-nheckius

332 2153 404 2212 et
447 2148 866 2228 Hermannus‚
916 2154 1136 2213 contra
1183 2147 1708 2213 Schneidewinus
1760 2148 1953 2213 nimio
2017 2155 2330 2233 apparatu
2396 2159 2684 2215 evertere

330 2254 566 2320 studet.
613 2255 768 2339 Ipsa
814 2254 1347 2322 enimsententia
1391 2253 1778 2320 scholiastae
1825 2254 1990 2320 ultro
2053 2260 2328 2339 corruet,
2392 2255 2500 2319 uhi
2564 2259 2692 2339 pri-

331 2380 506 2425 mum
550 2360 964 2444 intellexeris,
1015 2360 1402 2424 adiectivum
1447 2363 1596 2443 κενή
1665 2380 1808 2425 cum
1861 2360 2137 2444 imagine
2197 2360 2312 2426 illa
2375 2363 2692 2427 artissime

331 2466 680 2536 cohaerere
729 2485 933 2548 eoque
983 2486 1063 2531 ex
1109 2466 1388 2532 Homero
1437 2471 1643 2531 ortum
1690 2485 1854 2548 esse,
1899 2468 2011 2531 ubi
2057 2465 2138 2531 de
2176 2469 2408 2531 leaena
2464 2471 2692 2531 orbata

332 2573 440 2638 vel
486 2573 684 2639 vidua
728 2574 940 2639 nullus
981 2572 1053 2638 fit
1097 2592 1325 2639 serm0.
1373 2574 1603 2655 Itaque
1652 2579 1762 2637 aut
1807 2572 2165 2639 Nanckium
2210 2575 2388 2656 sequi
2440 2583 2692 2659 oport-et

331 2679 799 2764 explicantem:
850 2680 1005 2761 „mit
1049 2688 1234 2763 κενῆς
1278 2678 1442 2744 wird
1489 2677 1606 2744 der
1663 2678 1889 2765 Erfolg
1949 2678 2065 2744 des
2130 2681 2488 2765 ἀναρπάσαι
2552 2703 2688 2747 rm·-

336 2774 908 2869 weggenommen“
933 2790 961 2832 2
1026 2792 1136 2852 aut
1196 2791 1443 2870 putare,
1496 2784 1656 2850 illud
1732 2784 2113 2851 adiectivnm
2190 2805 2272 2851 ex
2351 2787 2684 2853 sententiis

329 2894 544 2959 velut:
592 2895 689 2957 ὢν
733 2898 990 2977 φρενῶν
1036 2893 1223 2964 αὐτὸς
1267 2894 1449 2963 κενός
1495 2890 1738 2978 (Antiq.
1779 2892 1909 2957 757
1959 2892 2069 2976 al.)
2129 2914 2169 2958 a
2216 2892 2532 2976 Sophocle
2600 2895 2692 2955 ita

325 3004 640 3064 mutatum
677 3019 844 3081 esse,
883 3004 952 3063 ut
993 3003 1453 3083 „segregatus“
1486 2996 1854 3082 significet,²³
1890 2998 2062 3081 quod
2098 2999 2182 3065 ad
2222 2998 2396 3064 illam
2428 2999 2688 3063 Homeri

319 3103 672 3192 imaginem
718 3105 1043 3190 aptissime
1094 3105 1434 3171 convenire
1478 3123 1666 3169 nemo
1711 3103 2064 3189 negaverit.
2114 3142 2199 3152 -

504 3395 598 3463 Αἰ.
649 3395 823 3461 1165
868 3413 1025 3477 sqq:

842 3543 1117 3601 σπεῦσον
1161 3535 1377 3617 κοίλην
1421 3535 1693 3598 κάπετόν
1735 3536 1853 3598 τιν’
1908 3534 2058 3597 ι’ὁεῒν

837 3643 1010 3725 τῷδ’,
1058 3643 1213 3705 ἔνθα
1258 3643 1508 3724 βροτοῖς
1550 3640 1660 3704 τὸν
1705 3640 2075 3722 ἀείμνηστον

841 3750 1046 3831 τάφον
1090 3750 1473 3831 εὐρώεντα
1517 3746 1790 3819 καθέξει.

498 4037 520 4074 1
560 4033 744 4089 Aliter
780 4049 872 4089 res
923 4048 982 4088 se
1035 4032 1223 4101 habet,
1281 4031 1328 4086 si
1381 4031 1489 4085 hac
1540 4029 1995 4099 interpretatione
2053 4026 2126 4082 ad
2200 4026 2353 4099 Ἠὼς
2392 4031 2680 4107 ἠριγένεια

312 4138 507 4178 vocem
543 4122 924 4192 explicandam
959 4121 1148 4191 uteris,
1185 4119 1281 4174 ubi
1316 4134 1352 4174 a
1385 4120 1622 4174 veritate
1657 4132 1767 4172 non
1802 4116 1985 4173 aliena
2020 4131 2144 4172 esse
2179 4116 2408 4171 videtur.

495 4240 522 4278 ²
559 4236 642 4292 Cf.
681 4241 776 4293 Ai.
816 4238 920 4292 692
970 4236 1086 4314 ἐγὼ
1137 4235 1248 4313 γὰρ
1304 4233 1572 4309 ὀμμάτων
1628 4230 1997 4311 ἀποστρόφους
2068 4230 2249 4307 αὐγὰς
2317 4231 2564 4311 ἀπέρξει]
2620 4235 2684 4291 et

309 4329 525 4398 Antiq.
562 4326 706 4410 424:
748 4324 945 4405 (ὅρνις)
990 4326 1118 4385 ὅταν
1161 4330 1332 4394 κενῆς
1374 4320 1537 4392 εὐνῆς
1578 4327 1819 4381 νεοσσῶν
1862 4317 2094 4398 ὀρφανὸν
2140 4317 2327 4401 βλέψῃ
2369 4320 2564 4399 {ratgoz-

492 4446 518 4486 3
561 4443 641 4501 Of.
680 4444 930 4514 Ellendt,
968 4442 1084 4499 lex.
1121 4441 1297 4513 δορὴ.
1337 4458 1380 4497 s.
1416 4458 1465 4497 v.
