3250 5117
1265 420 1659 477 ...45-

266 606 501 685 ’χενεςῑ
582 604 648 665 αἱ
719 603 984 684 ἀηδόνες
1060 603 1350 684 λέγονται.
1427 601 1694 681 Eadem,
1769 602 1888 667 sed
1953 601 2357 686 paucioribus
2400 603 2636 683 verliiflss

262 709 551 793 praebet
586 708 790 793 Apoll.
831 708 1022 793 Soph.
1068 707 1306 789 168‚15
1339 732 1353 772 z
1391 710 1667 791 χλωρηὶς
1702 710 1943 792 ἀηδών·
1982 709 2109 771 ἀπὸ
2147 715 2256 772 τοῦ
2295 711 2636 792 χρώματος·

226 859 240 872 ·
274 820 319 898 ἢ
391 816 491 879 διὰ
564 816 634 878 τὸ
709 818 775 880 ἓν
848 817 1119 898 χλωροῖς
1195 817 1473 898 δένδροις
1547 817 1792 897 διάγειν.
1872 814 2015 893 Qua
2099 816 2164 879 in
2241 815 2636 883 dissensiunss

261 920 639 1005 -Sophoeles
686 920 752 985 id
800 921 967 1003 quod
1017 921 1154 1004 ipse
1195 921 1413 1001 sensit,
1463 927 1685 1005 aperte
1735 921 2234 1005 demonstravit3
2300 943 2446 987 nam
2496 943 2636 987 num

273 1028 664 1113 paraphrasi
709 1047 858 1093 usus
907 1028 1024 1092 sit:
1073 1029 1293 1110 ἀηδὼν
1337 1030 1611 1111 χλωραῖς
1657 1029 1783 1091 ὑπὸ
1844 1030 2121 1111 βάσσαις,
2187 1029 2325 1113 ipse
2389 1031 2640 1115 putavit

259 1135 443 1201 illud
491 1137 764 1218 χλωρηίς
836 1134 1005 1199 idem
1085 1154 1226 1200 esse
1305 1142 1496 1217 atque
1571 1136 1794 1218 ἀηδὼν
1876 1137 1941 1199 ἓν
2015 1138 2281 1218 χλωροῖς
2359 1137 2640 1219 δένὺρῡις

268 1245 626 1325 ὁιάγουσα,
674 1241 846 1324 quod
891 1244 946 1307 si
992 1261 1220 1306 revera
1256 1242 1523 1325 putavit,
1574 1262 1695 1324 ego
1735 1241 1988 1323 quidem
2026 1263 2414 1329 magnopere
2456 1243 2640 1307 dahi-

265 1350 491 1433 sarim,
540 1370 688 1413 num
734 1355 908 1414 reete
955 1350 1300 1415 Homerum
1346 1349 1755 1413 intellexerit.
1805 1386 1889 1394 —-

467 1484 817 1549 Praeterea
862 1482 1021 1548 illud
1037 1505 1052 1545 ε

1407 1624 1516 1687 τὰν
1562 1626 1797 1707 ἄβατον
1843 1627 2000 1689 θεοῦ

825 1732 1113 1813 φυλλάδα
1160 1733 1604 1814 μυριόκαρπον
1652 1733 1692 1794 ἀ
1706 1757 1740 1794 ν
1751 1733 1790 1793 ά
1802 1733 1835 1793 λ
1848 1757 1865 1792 ι
1880 1754 1913 1796 ο
1929 1756 1964 1793 ν

824 1839 863 1900 ἀ
876 1864 910 1900 ν
925 1841 959 1920 ή
976 1864 1007 1901 ν
1019 1863 1048 1901 ε
1056 1863 1105 1919 μ
1118 1840 1154 1901 ό
1166 1864 1200 1901 ν
1245 1864 1307 1900 τε
1351 1840 1605 1902 πάντων
1652 1840 2006 1919 χειμώνων,

268 2006 450 2089 ,quid
498 2013 598 2072 est
643 2005 817 2071 aliud
866 2012 1058 2087 atque
1103 2005 1262 2071 illud
1306 1981 1567 2070 Homeri
1612 2031 1645 2067 τ
1674 2004 1839 2069 520:

553 2176 869 2257 δενδρέων
917 2176 994 2237 ἕν
1039 2175 1428 2238 πετάλοισι
1474 2174 1871 2253 καθεζομένη
1920 2178 2381 2244 πυκινοῖσιν,

261 2347 539 2406 ..auctum
587 2339 832 2405 scilieet
883 2345 1074 2420 atque
1113 2344 1420 2420 ornatum,
1470 2344 1753 2402 attamen
1800 2342 2050 2402 auctum
2089 2337 2265 2400 nulla
2323 2335 2447 2401 alia
2496 2359 2636 2399 fleu-

268 2448 493 2512 ,tentia
529 2447 651 2512 nisi
699 2467 798 2526 ea,
839 2466 1027 2529 quam
1058 2445 1412 2530 Sophocles
1448 2444 1578 2509 iam
1615 2444 1751 2529 ipse
1793 2444 1961 2527 apud
1998 2444 2343 2509 Homerum
2378 2443 2636 2511 invene-

257 2560 380 2619 irat
433 2580 463 2617 ε
495 2554 662 2618 478:

408 2724 553 2793 τοὺς
598 2725 715 2806 μὲν
762 2726 864 2806 ἄρ’
918 2727 1067 2788 οὔτ’
1121 2725 1421 2806 ἀνέμων
1468 2724 1659 2785 διάει
1704 2724 1944 2803 μένος
1988 2722 2219 2804 ὑγρὸν
2266 2723 2548 2784 ἀέντων

410 2833 587 2895 οὔτε
631 2834 771 2895 ποτ’
824 2832 1075 2913 ἠέλιος
1122 2831 1394 2913 φαέθων
1432 2831 1665 2892 ἀκτῖσιν
1712 2830 1986 2911 ἔβαλλεν,

411 2940 559 3002 οὔτ’
613 2940 911 3021 ὄμβρος
955 2939 1271 3020 περάασκε
1320 2938 1671 3018 διαμπερές·
1720 2937 1813 3003 ὣς
1859 2936 1981 3015 ἄρα
2028 2935 2304 2998 πυκνοὶ

418 3044 767 3126 ἀλλήλοισιν
813 3046 971 3126 ἔφυν
1018 3044 1445 3125 ἐπαμοιβαδίς.
1496 3080 1582 3088 -

470 3226 637 3291 Toto
683 3226 875 3309 igitur
920 3227 1062 3291 loeo
1110 3227 1493 3310 Sophoclem
1539 3226 1884 3291 Homerum
1929 3224 2239 3289 imitatum
2278 3244 2420 3292 esse
2468 3227 2644 3291 haud

271 3334 436 3399 aecio
484 3353 565 3397 an
611 3352 797 3397 nemo
844 3332 1199 3416 negaverit.

480 3584 633 3651 Phil.
681 3584 812 3650 300
858 3604 1016 3667 sqq:

621 3753 791 3833 φέρ”,
841 3750 898 3813 ὦ
944 3754 1178 3831 τέκνον,
1228 3759 1338 3815 νῦν
1384 3754 1488 3815 καὶ
1533 3752 1602 3815 τὸ
1650 3760 1774 3834 τῆς
1820 3753 2066 3834 νήσου
2113 3753 2302 3833 μάθε·

619 3858 804 3938 ταύτῃ
853 3858 1097 3930 πελάζει
1136 3860 1448 3940 ναυβάτης
1495 3859 1700 3928 οὐδεὶς
1747 3860 1934 3921 ἑκών·

625 3966 712 4029 οὗ
761 3965 898 4046 γάρ
945 3989 1046 4034 τις
1092 3966 1321 4047 ὅρμος
1358 3967 1582 4038 ἔστιν,
1633 3966 1773 4028 οὐδ’
1827 3966 1970 4028 ὅποι
2016 3966 2225 4028 πλεών

625 4072 1026 4154 ἕξεμπολήσει
1072 4073 1299 4153 κέρδος
1346 4075 1383 4153 ἢ
1435 4074 1777 4145 ξενώσεται.
1915 4076 1920 4083 ’
1978 4069 1984 4074 ’

295 4266 377 4273 4.-
387 4268 837 4274 ’ἐξ--

411 4494 418 4502 ,
498 4443 516 4477 ¹
559 4441 641 4497 cf.
679 4444 871 4512 Eurip.
911 4443 1022 4498 Hel.
1064 4444 1232 4498 1111:
1268 4443 1357 4502 διὰ
1402 4441 1644 4516 ξουθᾶν
1688 4445 1933 4520 γενύων
1978 4441 2374 4516 ἐλελιζομένα.
