3250 5117
198 604 263 664 et
307 598 365 663 A
419 600 539 664 101
590 619 757 682 sqq.:

1703 715 1852 774 τοῖσι
1902 713 1956 773 (5²
2008 712 2222 793 ἀνέστη

437 836 441 840 “
525 820 697 898 ἥρως
733 817 1041 899 Ἀτρεΐδης
1085 817 1232 898 εὐρὺ
1279 818 1506 898 κρείων
1544 819 1961 899 Ἀγαμέμνων

535 924 897 1004 ἀχνύμενος·
944 925 1162 1004 μένεος
1210 925 1277 985 δὲ
1320 925 1479 1005 μέγα
1528 926 1750 1005 φρένες
1787 925 2224 1004 ἀμφιμέλαιναι

522 1031 837 1104 πίπλαντ’,
889 1033 1032 1093 ὄσσε
1082 1032 1150 1093 δέ
1197 1033 1255 1095 οἳ
1298 1032 1443 1113 πυρὶ
1491 1031 1912 1111 λαμπετόωντι
1961 1031 2180 1113 ἐΐκτην,

198 1198 429 1282 quibus
478 1198 685 1281 agitur
731 1197 809 1263 de
858 1199 1090 1264 affeetu
1137 1199 1409 1282 quodam
1472 1197 1607 1265 sive
1670 1201 1874 1264 luctus
1938 1199 2076 1264 sive
2134 1200 2269 1263 irae
2335 1201 2547 1283 (μένος

202 1306 372 1372 enim
417 1304 521 1369 hie
565 1325 689 1370 non
728 1305 1042 1390 significat
1093 1307 1378 1390 „animus
1423 1305 1640 1371 fortis“
1695 1305 1813 1371 sed
1858 1306 2073 1388 „furor
2121 1312 2311 1388 atque
2360 1308 2545 1389 i1·a“).

202 1414 489 1506 Utroque
539 1413 702 1478 enim
746 1413 887 1478 loeo
927 1412 1373 1497 explicandum
1431 1419 1560 1479 est:
1625 1433 1780 1496 „eor
1843 1412 2026 1495 quasi
2072 1414 2281 1479 nube
2342 1413 2546 1479 luctus
2617 1412 2631 1428 '

203 1520 312 1585 vel
355 1520 489 1585 irae
538 1520 769 1603 tegitur
816 1521 923 1601 ita,
973 1525 1039 1584 ut
1086 1521 1166 1585 ab
1237 1520 1401 1585 omni
1458 1525 1642 1605 parte
1707 1519 1989 1586 tenebris
2056 1520 2323 1586 offusum
2378 1522 2422 1585 i.
2491 1541 2545 1585 e.

202 1627 450 1712 nigrum
499 1627 848 1693 videatu1·“.
894 1628 993 1691 Ex
1040 1628 1181 1694 loeo
1230 1632 1441 1692 autem
1485 1628 1542 1691 A
1592 1626 1717 1693 103
1757 1627 1925 1692 male
1961 1628 2286 1694 intellecto
2324 1633 2549 1712 postea

202 1734 518 1800 fluxerunt
555 1737 606 1800 P
628 1735 794 1800 499:

456 1871 495 1931 ἆ
511 1871 543 1932 λ
564 1895 603 1932 κ
624 1877 664 1952 -ῆ
683 1895 714 1939 ς
760 1872 863 1933 καὶ
913 1890 951 1933 σ
974 1873 1017 1932 θ
1039 1872 1069 1933 έ
1089 1896 1169 1934 νε
1192 1893 1224 1935 0
1246 1896 1276 1940 ς
1322 1870 1511 1952 πλῆτο
1560 1873 1794 1953 φρένας
1819 1872 2295 1952 ,ἀμφιμελαίνας

207 2010 272 2068 et
318 2005 370 2069 P
391 2003 553 2070 573:

480 2142 646 2204 τοίου
693 2164 799 2220 μιν
846 2140 994 2219 θάρ
1015 2164 1091 2202 σε
1107 2165 1138 2201 υ
1157 2164 1188 2208 ς
1247 2140 1477 2221 πλῆσεν
1524 2140 1758 2220 φρένας
1805 2139 2274 2220 ἅμφιμελαίνας,

218 2285 318 2350 ubi
365 2284 756 2351 adiectivum
793 2287 1232 2368 ἀμφιμέλαιναι
1281 2305 1487 2371 paene
1537 2285 1805 2370 epitheti
1862 2284 2232 2370 descriptivi
2285 2301 2547 2349 munere

205 2392 505 2476 fungitur.
660 2407 663 2411 ’

384 2500 770 2585 Aeschylum
842 2520 993 2565 vero
1057 2505 1230 2565 reete
1297 2519 1522 2565 vocem
1581 2498 2060 2583 interpretatum
2124 2518 2266 2565 esse
2329 2505 2546 2583 aperte

204 2606 396 2674 docet
442 2608 575 2673 eius
621 2607 1050 2693 paraphrasis,
1091 2627 1216 2690 qua
1252 2626 1501 2691 semper
1540 2606 1805 2673 affectus
1846 2605 2103 2689 quidam
2139 2604 2553 2689 significatur,

192 2715 382 2808 ‘velut
424 2716 594 2781 Pers.
646 2716 805 2779 114:

915 2824 1099 2885 ταῦτά
1145 2845 1254 2904 μοι
1298 2823 1828 2904 μελαγχίτων

915 2930 1135 3011 φρὴν
1183 2931 1522 3010 ἀμύσσεται
1569 2930 1759 3011 φόβῳ
1789 2933 1810 2973 1
1863 3001 1868 3005 ,

204 3088 476 3174 (animus
521 3088 742 3153 timore
793 3087 972 3170 quasi
1010 3093 1188 3153 veste
1227 3089 1410 3171 nigra
1447 3087 1948 3174 circumdatus)2
2007 3093 2071 3154 et
2127 3091 2354 3175 Suppl.
2404 3087 2531 3154 785

633 3275 716 3312 κε
735 3251 767 3312 λ
789 3273 826 3312 α
849 3274 918 3313 ιν
939 3250 973 3312 ό
995 3276 1034 3333 χ
1054 3275 1091 3332 ρ
1113 3274 1167 3312 ω
1188 3276 1218 3319 ς
1259 3250 1326 3312 δὲ
1371 3251 1660 3313 πάλλεταί
1697 3275 1820 3333 μου
1868 3252 2112 3332 καρδία,

207 3407 313 3473 ubi
358 3406 570 3473 soholt
629 3409 757 3473 ἀντὶ
801 3415 909 3473 τοῦ
955 3411 1387 3493 τεταραγμένη.
1436 3411 1474 3493 ἡ
1512 3410 1841 3494 μεταφορὰ
1879 3411 2004 3474 ἀπὸ
2043 3419 2148 3494 τῆς
2186 3413 2531 3496 θαλάσσης,

205 3518 333 3598 ἥτις
380 3517 446 3579 ἒν
491 3524 581 3596 τῷ
625 3516 1037 3597 ταράσσεσθαι
1084 3517 1439 3598 μελαίνεται.
1490 3554 1575 3563 —-—

388 3912 407 3949 ¹
447 3905 595 3972 Quae
648 3902 916 3958 sententia
966 3899 1129 3955 etiam
1178 3901 1380 3957 maiore
1428 3901 1650 3957 licentia
1701 3901 1830 3957 fieta
1880 3908 1965 3957 est
2015 3919 2174 3970 quam
2213 3921 2296 3973 ea,
2336 3922 2403 3959 ex
2442 3922 2547 3973 qua.

209 3989 365 4044 fluxit
403 3993 454 4044 A
489 3991 594 4044 243
629 4008 639 4045 :
676 3991 734 4050 v>
779 3991 825 4051 δ’
873 3988 1061 4052 {we-192
1118 3987 1352 4067 ’θυμὲν
1413 3985 1743 4063 ἀμύξεις.

388 4102 412 4139 2
451 4098 527 4153 Cf.
571 4102 725 4157 Pers.
765 4100 896 4168 1613
938 4099 1143 4153 similia
1179 4097 1424 4151 invenias
1464 4095 1613 4164 apud
1651 4095 1904 4164 Bacchyl.
1948 4094 2029 4163 16,
2070 4096 2138 4150 17
2169 4111 2178 4149 ;

640 4208 816 4283 μέλαν
862 4208 912 4267 3⁷
956 4208 1043 4267 ὑπ’
1089 4208 1294 4285 ὀφρύων

640 4303 852 4364 δίνασεν
896 4304 1075 4380 ὅρμα,
1122 4303 1408 4381 καρδίαν
1452 4304 1511 4360 τέ
1556 4302 1604 4361 οἱ

639 4398 893 4475 σχέτλιον
940 4394 1183 4474 ἄμυξεν
1230 4396 1406 4474 ἄλγος
1451 4404 1604 4474 (item
1642 4404 1895 4475 Bacchyl.
1935 4404 2018 4472 17,
2059 4404 2169 4474 11).

208 4520 462 4577 Ceterum
501 4523 568 4581 cf.
605 4524 827 4580 Pindar.
864 4524 984 4597 srq.
1021 4526 1163 4580 225:
1210 4516 1478 4593 μέλαιναν
1524 4515 1756 4594 καρδίαν
1801 4512 2168 4593 ἐστυφέλιξεν.
