3250 5117
1126 375 1130 379 ’
1239 440 1312 454 -
1393 371 1497 467 σε
1555 401 1631 454 -’-

443 598 632 665 Rhos-
680 593 831 663 355.

440 712 720 776 Rhesum
757 711 962 795 ipsum
1012 709 1239 776 chorus
1286 672 1625 789 alloquitur
1670 707 1769 773 his'
1816 665 2064 772 verbis:

842 880 918 944 σύ
954 901 1065 961 μοι
1103 878 1263 948 Ζεὺς
1309 879 1361 940 ὁ·
1391 885 1657 960 φαναῖος

842 988 1010 1068 ἥκεις
1058 978 1375 1067 διφρεύων
1420 984 1758 1067 βαλιαῖσι
1802 984 2054 1052 πώλοις.

220 1230 226 1237 .
447 1156 614 1242 Quid
685 1155 806 1221 hoe
868 1156 1010 1221 loco
1087 1153 1404 1219 adieetivo
1477 1156 1693 1237 βαλιός
1755 1153 2199 1235 significatur?
2263 1192 2349 1200 —
2421 1154 2611 1239 Apud

261 1263 609 1351 Homerum
657 1280 857 1345 equus
900 1260 1166 1325 Achillis
1211 1261 1460 1327 nomine
1500 1261 1733 1340 Βαλίος
1779 1260 2135 1344 appellatur
2185 1260 2259 1322 Π
2300 1261 2459 1325 149;

589 1432 842 1497 Ξάνθον
886 1422 1342 1504 καῖΒαλίον,
1389 1431 1480 1494 τὼ
1528 1433 1661 1512 ἅμα
1708 1432 1955 1513 πνοίῃσι
1991 1432 2301 1513 πετέσθην

261 1603 445 1689 (item
487 1603 544 1664 Τ
577 1601 754 1687 400),
801 1620 1007 1683 neque
1056 1600 1329 1666 dubitari
1377 1606 1605 1685 potest,
1669 1602 1815 1684 quin
1861 1601 1984 1665 hoe
2049 1601 2317 1681 nomine,
2379 1602 2611 1686 quippe

166 1775 175 1782 ,
235 1711 438 1793 ·quod
514 1729 651 1775 oum
726 1711 976 1782 Ξάνθος
1040 1710 1471 1792 coniungatur,
1558 1711 1704 1792 equi
1770 1710 1943 1775 oolor
2009 1715 2281 1790 notetur,
2363 1730 2403 1775 a
2488 1727 2611 1791 quo

265 1818 557 1883 omnibus
602 1818 992 1901 temporibus
1038 1817 1184 1900 equi
1228 1819 1487 1881 nomina
1533 1822 1956 1901 aeceperunt3
2005 1824 2196 1898 atque
2237 1836 2376 1881 oum
2422 1817 2615 1880 inter-

265 1930 555 2009 pretetur
600 1924 774 1986 EM
830 1924 974 2005 186,
1023 1924 1146 1988 28:
1194 1926 1424 2007 βαλιός·
1477 1927 1757 2006 σημαίνει
1805 1925 1873 1986 δὲ
1927 1926 2032 1987 καὶ
2086 1925 2193 1987 τὸν
2247 1924 2612 2000 ποικίλον,

263 2031 440 2096 idem
486 2032 705 2095 valere
757 2030 1003 2096 videtur
1049 2051 1125 2095 ao
1171 2039 1452 2096 nostrum
1504 2030 1889 2112 „soheokig“
1921 2035 1960 2091 ¹.
2008 2031 2208 2095 Aliter
2256 2036 2466 2095 autem
2512 2047 2615 2093 res

266 2158 338 2203 se
409 2138 624 2219 habet,
686 2138 740 2203 si
807 2138 1020 2222 epicos
1078 2138 1453 2221 posterioris
1519 2138 1749 2202 aetatis
1815 2144 2037 2222 poetas
2098 2138 2381 2222 respicis,
2441 2137 2619 2200 velut

268 2244 539 2330 Oppian.
587 2268 720 2331 eyn.
769 2245 834 2308 II
879 2245 1044 2309 314:

512 2415 617 2477 καὶ
661 2417 704 2497 β
715 2415 833 2477 αλί
840 2438 942 2477 ων
989 2414 1057 2477 δὲ
1100 2415 1307 2483 πόθος
1351 2398 1457 2485 τις
1483 2416 1833 2479 ἐνέστακται
1879 2416 2065 2497 φρεσὶ
2108 2416 2378 2498 θηρῶν

267 2588 462 2663 atque
509 2582 713 2649 Noun.
760 2583 947 2647 Dion.
992 2582 1088 2646 IX
1144 2582 1299 2647 156:
1349 2586 1696 2667 βαλίῃσιν
1743 2587 2040 2667 αὔραις,
2091 2584 2198 2649 ubi
2245 2583 2396 2647 nihil
2445 2582 2616 2648 aliud

265 2688 627 2771 significare
673 2698 886 2773 potest
930 2689 1051 2753 nisi
1113 2691 1432 2770 „eeler“2‚
1482 2710 1672 2773 quam
1718 2691 2308 2776 interpretationem
2377 2690 2617 2754 inveni·
2717 2724 2722 2727 -
2782 2689 2792 2697 '

265 2815 406 2861 mus
452 2797 626 2859 E.M
681 2796 825 2875 186,
873 2795 994 2860 31:
1068 2798 1288 2879 βαλίαι·
1364 2799 1430 2859 αῖ
1484 2805 1742 2879 ταχεῖαι·
1796 2799 1981 2879 ’παρὰ
2055 2799 2124 2861 τὸ
2196 2798 2439 2880 βάλλειν
2514 2799 2619 2861 καὶ

264 2907 508 2986 ταχέως
544 2905 851 2986 φέρεσθαι
887 2904 956 2966 τὸ
992 2904 1395 2986 βαλλόμενον·
1424 2908 1461 2986 ἢ
1493 2905 1666 2985 παρὰ
1705 2905 1773 2966 τὸ
1800 2905 2143 2967 πάλλεσθαι
2176 2905 2275 2966 διὰ
2315 2905 2384 2967 τὸ
2412 2906 2617 2986 τάχος.
2648 2946 2655 2952 f

449 3010 581 3074 Sed
629 3008 1055 3092 quaerendum
1105 3016 1221 3089 est,
1269 3028 1476 3074 nonne
1527 3010 1797 3094 vestigia
1840 3010 2025 3075 huius
2069 3016 2348 3075 mutatae
2414 3010 2614 3075 notio-

266 3117 362 3181 nis
411 3116 539 3181 iam
601 3117 768 3200 apud
829 3116 1074 3200 priores
1135 3124 1360 3202 poetas
1423 3117 1716 3199 persequi
1782 3118 2108 3201 possimus.
2187 3156 2268 3165 —
2336 3116 2620 3181 Adiecti-

269 3243 417 3287 vum
462 3226 675 3306 βαλιός
722 3223 894 3307 apud
940 3244 1128 3288 unum
1174 3223 1562 3312 Euripidem,
1626 3224 1795 3305 quod
1856 3223 2110 3306 quidem
2165 3224 2459 3307 seiamuS,
2525 3224 2619 3288 in-

267 3330 537 3397 venitur.
587 3330 794 3414 Atque
851 3332 989 3417 Iph.
1041 3330 1189 3397 Aul.
1240 3328 1369 3395 220
1417 3351 1571 3413 sqq:

847 3528 895 3565 π
907 3504 963 3565 ώ
979 3504 1013 3565 λ
1029 3524 1062 3567 ο
1075 3527 1112 3566 υ
1130 3527 1162 3572 ς
1207 3503 1446 3583 κέντρῳ
1492 3503 1897 3583 θεινομένους

850 3609 1026 3679 τοὺς
1070 3609 1208 3690 μὲν
1253 3609 1489 3690 μέσους
1536 3610 1786 3689 ζυγίους

851 3715 1354 3797 λευκοστίκτῳ
1399 3716 1588 3797 τριχὶ
1623 3712 1978 3796 βαλιοὺς,

850 3822 1022 3891 τοὺς
1068 3821 1271 3894 δ’ἔξω
1322 3820 1738 3902 σειροφόρους

850 3928 1128 4009 ἀντήρεις
1173 3934 1480 4009 καμπαῖσι
1527 3927 1795 4010 δρόμων

851 4034 1369 4118 πυρρότριχας

453 4305 472 4341 1
513 4302 592 4357 Cf.
631 4301 1093 4372 Pauly-wissowa
1136 4318 1177 4357 s.
1217 4319 1263 4357 v.
1305 4300 1509 4358 BalioS.

449 4404 472 4440 ²
513 4402 757 4457 Similem
792 4402 1031 4457 notionis
1068 4389 1477 4469 ambiguitatem
1505 4402 1808 4457 invenimus
1838 4402 1895 4454 in
1923 4400 2192 4457 adiectivo
2226 4396 2420 4471 αἰόλος
2446 4400 2619 4470 expli-

278 4487 472 4545 cando,
