3250 5117
1313 468 1712 524 ...27-

326 654 632 734 ὄμμασι
679 649 959 732 γοργὸς
1005 650 1243 714 έῖσιόεἷν
1279 654 1469 731 atque
1518 651 1673 715 Her.
1703 650 1851 736 fur.
1890 649 2064 715 990:
2110 651 2436 736 ἀγριωπὸν
2473 654 2686 735 ὄμμα

322 756 724 840 Γοργόνος
808 774 935 838 στρ
947 758 1105 838 ε’φω
1124 781 1177 830 ν,
1253 754 1424 838 quod
1487 755 1752 821 Homeri
1822 756 2037 823 verbis
2092 757 2478 825 simillimum
2541 778 2685 825 esse

321 862 596 929 videtur.

509 1130 727 1216 suppa
777 1128 954 1194 881:

648 1296 881 1379 βαίνειν
925 1295 1164 1359 κελεύω
1201 1298 1423 1378 βᾶριν
1469 1298 1587 1367 εἷς
1634 1297 2173 1380 ἀμφίστροφον
2202 1300 2225 1344 ¹

648 1403 802 1467 ὅσον
847 1403 1114 1483 τάχιστα·
1160 1402 1330 1483 μηδέ
1374 1425 1461 1472 τις
1506 1403 1879 1484 σχολαζέτω.

506 1567 718 1634 Schol.
795 1573 924 1632 vet.
992 1566 1054 1633 h.
1110 1568 1154 1632 1.
1220 1567 1384 1634 haec
1436 1569 1743 1652 praebet:
1805 1570 1916 1653 τὴν
1980 1573 2047 1645 ἒξ
2110 1572 2495 1655 ἀμφοτέρων
2555 1579 2687 1638 τῶν

318 1681 546 1760 μερῶν
611 1675 1033 1758 ἑλισσομένην,
1101 1677 1142 1738 ὅ
1205 1676 1362 1739 ἔστιν
1451 1676 1976 1758 ἀμφιέλισσαν.
2055 1675 2416 1761 Aeschylus
2494 1678 2686 1764 igitur

321 1781 736 1847 Homericum
789 1779 947 1845 illud
1002 1782 1382 1863 ἀμφιέλισοα
1431 1787 1725 1847 accurate
1783 1783 2119 1872 transtulit,
2178 1785 2375 1850 verbo
2432 1788 2685 1868 στρέφω

320 1908 444 1973 pro
509 1889 737 1951 ἕλίσσω
791 1886 1022 1971 posito.
1088 1887 1189 1951 Ex
1250 1905 1373 1969 quo
1439 1893 1710 1972 apparet
1779 1887 1986 1972 ipsum
2057 1889 2312 1954 minime
2378 1889 2460 1955 de
2532 1890 2686 1957 navi

325 1993 606 2077 quadam
653 1999 717 2058 et
765 2014 805 2058 a
848 2014 1042 2080 prora
1088 1999 1154 2059 et
1200 2014 1241 2060 a
1282 1994 1479 2080 puppi
1528 1999 1794 2060 curvata
1842 1994 2181 2079 cogitasse,
2228 1995 2400 2078 quod
2465 2017 2686 2063 omnes

321 2101 462 2168 fere
501 2100 895 2166 recentiores
936 2100 1149 2167 facere
1203 2100 1440 2182 solent3
1492 2103 1745 2186 στρέφω
1795 2100 1959 2166 enim
2013 2121 2324 2184 nusquam
2370 2101 2686 2187 significat

325 2203 725 2290 „kriimmen,
762 2206 1062 2292 biegen“.
1102 2208 1308 2272 Immo
1346 2206 1704 2290 Aeschylus
1741 2207 1934 2273 aliam
1971 2208 2336 2293 explicandi
2373 2209 2684 2274 rationem

323 2313 634 2395 sequitur,
703 2333 894 2394 quam
954 2313 1193 2397 optime
1261 2314 1565 2379 traditam
1628 2314 1921 2380 invenias
1988 2313 2158 2398 apud
2212 2315 2424 2399 Apoll.
2483 2314 2680 2400 Soph.

319 2417 474 2499 26st
519 2443 534 2483 t
568 2421 994 2502 ἀμφιελίσσας·
1035 2422 1405 2493 ἕπιθετικῶς
1440 2421 1548 2491 τὰς
1585 2423 1655 2495 ἒξ
1690 2424 1985 2504 ἑκατέρου
2003 2424 2240 2504 μέρους
2270 2423 2684 2503 ἒλαυνομένας

331 2531 507 2595 ναῦς·
557 2527 792 2608 ἑλιγμῷ
839 2527 958 2608 γάρ
1003 2551 1056 2589 τι
1109 2527 1559 2609 παραπλήσιον
1585 2534 1868 2592 ποιοῦσιν
1902 2530 1963 2590 οἱ
1996 2528 2362 2606 ἐλαύνοντες,
2402 2527 2682 2610 itemque

321 2630 519 2697 schol.
567 2630 653 2696 ad
701 2634 739 2706 ζ
783 2632 947 2695 264:
997 2633 1462 2717 ἀμφοτέρωθεν
1508 2634 1922 2716 στρεφόμεναι
1967 2634 2093 2697 ὑπὸ
2140 2640 2403 2699 κωπῶν.
2507 2619 2512 2622 ’

505 2737 712 2815 Quam
785 2736 1381 2822 interpretationem
1455 2738 1581 2804 illis
1647 2738 2038 2823 temporibus
2102 2738 2403 2804 usitatam
2465 2738 2682 2824 fuisse,

324 2842 522 2908 etiam
569 2863 605 2910 e
650 2843 988 2928 Sophoclis
1034 2843 1256 2910 verbis
1307 2864 1660 2928 cognoscas
1714 2848 1821 2910 Δι’.
1885 2844 2044 2910 357:
2102 2848 2274 2910 ἅλιον
2330 2849 2401 2915 ὃς
2456 2848 2688 2929 ἐπέβας

316 2951 392 3012 ἑλ
413 2951 707 3014 ίσσων2
772 2953 1026 3030 πλάταν,
1077 2950 1185 3034 qui
1246 2952 1425 3015 locus
1486 2951 1795 3034 Aeschyli
1856 2950 2173 3016 sententia
2241 2951 2477 3035 optime
2540 2951 2685 3016 illu-

324 3059 578 3122 stratur.
627 3057 853 3139 Neque
898 3056 1240 3141 Euripides
1288 3057 1472 3121 aliter
1517 3057 1796 3123 sensisse
1841 3057 2131 3139 videtur3
2180 3056 2468 3123 conferas
2515 3056 2682 3122 enim

328 3159 496 3246 Cycl.
550 3163 666 3226 14:

552 3267 558 3274 ”
1514 3281 1580 3343 ἕν
1624 3280 1881 3363 πρύμνῃ
1932 3280 1990 3342 δ’
2039 3281 2230 3362 ἄκρᾳ,

770 3384 962 3457 αὐτὸς
1011 3386 1231 3468 λαβὼν
1277 3386 1550 3449 εὔθυνον
1595 3386 1941 3469 ἀμφῆρες
1988 3386 2205 3482 δόρυο,

319 3576 429 3641 ubi
477 3597 700 3644 omnes
745 3578 880 3644 fere
925 3579 1307 3663 interpretes
1352 3579 1517 3644 inter
1562 3599 1634 3646 se
1699 3579 2117 3665 consentiunt,
2187 3581 2342 3663 δόρυ
2405 3581 2684 3646 vocabu-

324 3683 455 3747 lum
542 3687 851 3765 „navem“
922 3685 1321 3769 significare3
1385 3707 1535 3752 nam
1620 3707 1743 3767 „ne
1808 3687 1948 3770 quis
2013 3707 2152 3751 cum
2216 3686 2514 3769 Heathio‚
2581 3686 2679 3751 cui

321 3808 616 3856 assensus
664 3797 762 3857 est
797 3793 1129 3878 Matthiae,
1174 3799 1426 3859 contum
1477 3812 1617 3858 esse
1664 3798 1865 3877 putet,
1932 3793 2228 3878 prohibet
2295 3794 2681 3859 adjectivum

330 3897 683 3980 ἀμφῆρες“.
709 3898 735 3935 ²³
781 3898 966 3976 Quod
1025 3900 1081 3964 si
1140 3905 1317 3964 recte
1363 3898 1716 3965 iudicatum
1762 3905 1881 3981 est,
1925 3919 2112 3965 nemo
2159 3901 2491 3987 negaverit
2536 3918 2682 3964 ver-

475 4224 497 4262 1
536 4221 954 4302 ἀμφίστροφον
1012 4224 1229 4279 Person
1296 4240 1363 4278 ex
1414 4225 1580 4280 schol.
1645 4230 1702 4280 et
1765 4224 1946 4296 Etym.
2000 4224 2139 4280 Gud.
2194 4225 2423 4295 104,42;
2475 4223 2676 4285 ἀντί-

315 4327 535 4387 στροφον
578 4311 652 4372 Μ.

479 4418 503 4455 ²
546 4416 786 4495 ἐρέσσων
824 4418 1081 4489 Blaydes‚
1124 4419 1271 4488 quod
1307 4421 1525 4477 minime
1563 4436 1703 4491 opus
1740 4394 1873 4477 erat.

474 4526 500 4566 ³
539 4524 620 4580 cf.
662 4525 727 4583 G.
763 4527 1053 4583 Hermann
1090 4527 1161 4583 ad
1197 4528 1250 4582 h.
1289 4529 1324 4584 l.
