3250 5117
1578 407 1931 463 ...6.-

595 590 1111 672 enucleaverant,
1158 590 1237 655 ab
1283 589 1631 656 Aristarchi
1678 590 2001 677 discipulis
2046 593 2298 677 prodita
2358 598 2521 673 sunt,
2579 614 2800 676 eaque,
2864 600 2933 658 ut

592 718 695 763 res
740 696 882 774 fert,
928 699 1294 781 plerumque
1342 702 1583 781 errata3
1625 697 1856 763 etenim
1897 718 2058 781 quae
2098 701 2262 765 bene
2301 700 2405 765 isti
2441 699 2665 784 prioris
2703 701 2933 767 aetatis

594 803 989 887 grammatici
1036 804 1518 889 expediverant,
1567 806 1761 871 tacite
1810 811 1874 870 et
1926 806 2324 871 Aristarchus
2389 806 2691 890 magister
2752 827 2932 872 suum

593 912 657 976 in
711 930 890 976 usum
958 917 1356 977 converterat
1417 918 1482 976 et
1542 912 1832 998 discipuli
1889 914 1957 977 in
2026 914 2258 979 horrea
2314 932 2428 978 sua
2490 913 2934 995 condiderunt3

597 1024 814 1084 contra
860 1039 958 1099 ea,
1002 1038 1164 1101 quae
1209 1019 1376 1086 falsa
1423 1039 1588 1085 esse.
1614 1020 2050 1090 iudicaverunt
2095 1022 2341 1086 illorum
2388 1022 2934 1105 grammaticorum

597 1127 873 1208 inventa,
921 1126 1279 1192 nominibus
1327 1132 1651 1193 auctorum
1696 1148 1891 1212 saepe
1954 1127 2185 1194 additis
2252 1133 2316 1192 et
2372 1127 2482 1193 ille
2546 1129 2934 1214 oppugnavit

596 1244 659 1299 et
705 1239 1056 1300 sectatores
1105 1234 1188 1299 ad
1236 1233 1613 1318 augendam·
1651 1234 1937 1318 magistri
1995 1235 2260 1321 gloriam
2316 1235 2547 1301 acriter
2604 1255 2936 1301 recensue-

595 1329 756 1406 runt.
810 1340 988 1420 Quae
1037 1362 1177 1407 cum
1222 1342 1315 1406 ita
1361 1343 1507 1423 sint,
1557 1343 1684 1407 alia.
1753 1342 1987 1408 auxilia
2044 1342 2519 1427 circumspicere
2585 1362 2738 1428 opus
2805 1348 2935 1425 est3

594 1470 710 1515 nec
757 1449 984 1515 desunt
1031 1470 1191 1532 quae
1239 1470 1657 1515 accersamus.
1707 1490 1791 1496 —

771 1558 916 1623 Jarn
964 1557 1040 1623 iis
1087 1557 1497 1643 temp01·ibuS‚
1549 1559 1773 1640 quibus
1818 1558 2035 1645 primis
2079 1558 2144 1622 in
2207 1578 2595 1623 communem
2655 1557 2933 1625 Gracco·

595 1685 727 1730 rum
774 1684 1011 1729 morem
1060 1672 1383 1749 receptum
1431 1671 1552 1749 est,
1598 1672 1667 1731 ut
1712 1668 1890 1751 pueri
1936 1667 1999 1730 in
2045 1665 2209 1731 ludis
2268 1667 2615 1732 litterarum
2677 1666 2936 1731 Homeri

597 1773 874 1863 carmina
921 1771 1280 1838 ediscerent
1326 1813 1412 1821 —
1459 1774 1630 1855 quod
1678 1774 1894 1857 quinto
1942 1780 2088 1839 ante
2130 1774 2274 1839 Chr.
2322 1779 2449 1839 nat.
2515 1774 2770 1839 sacculo
2831 1776 2937 1839 vel

596 1876 756 1946 adeo
806 1886 989 1946 sexto
1038 1880 1274 1946 factum
1324 1890 1464 1947 esse
1523 1886 1770 1949 constat
1814 1921 1940 1965 —--,
2005 1883 2203 1947 multa
2256 1883 2455 1947 verba
2519 1902 2559 1946 a
2619 1879 2935 1947 cotidiano

599 2006 883 2053 sermone
933 1987 1139 2054 aliena
1195 1994 1384 2070 atque
1445 1987 1536 2052 ita
1600 1989 1903 2054 inusitata
1947 1989 2049 2054 vel
2098 1989 2387 2056 obsoleta
2432 1987 2625 2054 fuisse
2673 2008 2934 2054 necesse

599 2100 715 2175 est,
763 2101 831 2159 ut
868 2115 1051 2159 nemo
1099 2095 1219 2161 nisi
1266 2096 1546 2162 eruditus
1595 2096 1747 2179 quid
1793 2097 2221 2185 significarent
2266 2096 2466 2183 primo
2505 2102 2722 2181 optutu
2753 2096 2937 2161 intel-

603 2204 822 2285 legere
890 2210 1125 2288 posset.
1199 2203 1378 2282 Quae
1453 2224 1666 2287 voceS,
1733 2224 1890 2287 quas
1954 2206 2201 2289 glossas
2250 2203 2574 2289 appellare
2623 2204 2935 2285 solebant,

602 2310 894 2375 ludorum
940 2312 1260 2395 magistris
1307 2312 1648 2376 Homerum
1694 2313 2111 2378 tractantibus
2160 2311 2571 2397 explicandae
2630 2317 2810 2374 erant
2874 2317 2939 2374 et

599 2418 1099 2502 explicabantur.
1151 2418 1339 2483 Cuius
1376 2418 1468 2483 rei
1506 2423 1732 2484 testem
1771 2419 2074 2485 habemus
2103 2418 2597 2501 antiquissimum
2638 2418 2938 2483 eundem-

599 2544 721 2606 que
767 2525 1328 2611 locupletissimum
1373 2525 1877 2611 Aristophanem,
1928 2525 2032 2609 qui
2077 2526 2142 2589 in
2179 2526 2654 2591 Daetalensium
2700 2523 2937 2608 fabula,

601 2652 787 2714 quam
821 2625 1097 2717 ‘primam
1136 2633 1407 2698 omnium
1457 2633 1692 2714 docuit,
1742 2639 1987 2719 patrem
2036 2652 2249 2698 senem
2310 2632 2464 2698 facit
2527 2632 2642 2697 filii
2708 2631 2939 2696 doctri-

599 2760 740 2805 nam
779 2740 1205 2806 sciscitantem
1251 2741 1426 2806 hisce
1473 2742 1716 2806 verbis:
1765 2740 1906 2825 (frg.
1955 2740 2083 2804 222
2130 2740 2343 2823 Kock)

597 2922 758 3001 πρὸς
802 2928 986 2983 ταῦτα
1037 2921 1111 2983 σὺ
1157 2923 1332 2993 λέξον
1371 2921 1661 3002 ‘Ofmjpov
1710 2923 1845 3003 ἐμοὶ
1895 2922 2181 3002 γλώττας,
2222 2922 2276 2981 τί
2308 2921 2580 2982 καλοῦσι’
2610 2920 2937 3001 κόρυμβας

597 3030 652 3089 τί
691 3029 958 3090 καλοῧσ’
1012 3029 1286 3110 ἀμενηνὰ
1334 3029 1615 3110 κάρηνας

599 3202 846 3270 Talium
894 3203 1082 3289 igitur
1125 3205 1476 3289 glossarum
1522 3223 1642 3269 usu
1680 3204 2013 3269 exercitati
2054 3210 2232 3269 erant
2271 3223 2408 3268 cum
2449 3224 2667 3270 omnes
2705 3204 2937 3271 Graeci

597 3312 822 3378 litteris
884 3312 989 3375 vel
1053 3310 1456 3378 mediocriter
1522 3312 1767 3395 imbuti,
1832 3318 1964 3377 tum
2038 3318 2291 3397 poetae,
2367 3313 2472 3395 qui
2535 3311 2809 3379 Pindaro
2876 3317 2940 3376 et

598 3418 983 3503 Bacchylide
1033 3419 1298 3485 testibus
1345 3420 1469 3505 ipsi
1514 3441 1585 3486 se
1635 3442 1752 3485 nec
1798 3420 1932 3486 sine
1974 3439 2165 3485 causa
2226 3424 2465 3502 σοφούς
2511 3421 2939 3505 appellabant.

599 3526 810 3594 Jidem
859 3532 1068 3591 autem
1108 3516 1248 3593 cum
1295 3528 1636 3593 carminum
1684 3528 1787 3593 vel
1833 3527 2184 3592 fabularum
2229 3534 2599 3613 argumenta
2657 3513 2937 3613 inprimis

599 3635 680 3701 ab
729 3634 984 3700 Homeri
1035 3655 1235 3701 caena
1283 3636 1490 3720 opima
1527 3642 1977 3718 mutuarentur,
2016 3637 2157 3719 ipsa
2193 3635 2314 3701 hac
2350 3654 2554 3700 rerum
2589 3634 2938 3700 imitatione

599 3742 1093 3828 adducebantur,
1162 3748 1228 3806 ut
1292 3743 1490 3808 verba
1564 3742 1906 3808 Homerica
1970 3748 2078 3807 aut
2152 3740 2516 3827 simpliciter
2586 3723 2958 3827 reciperent

601 3857 708 3915 aut
754 3848 947 3915 variis
1007 3850 1572 3916 circumlocutionis
1636 3850 1841 3916 modis
1911 3851 2003 3917 usi
2065 3850 2495 3932 imitarentur3
2562 3848 2727 3933 quod
2792 3849 2939 3915 dum

605 3959 857 4035 tinniunt.
909 3957 1094 4023 modo
1143 3958 1390 4042 singula
1451 3960 1573 4023 loci
1637 3958 1960 4023 cuiusdam
2006 3957 2327 4023 Homerici
2371 3960 2683 4024 vocabula
2719 3957 2937 4022 immu-

605 4075 757 4143 tant.
837 4064 1015 4128 :trudo
1082 4066 1279 4129 verba
1343 4065 1634 4131 carminis
1691 4066 1851 4149 epici
1915 4072 2042 4131 tam
2109 4065 2375 4130 licenter
2437 4065 2500 4128 in
2564 4085 2694 4129 rem
2758 4085 2937 4130 suam

605 4177 995 4253 venri-irruat,
1059 4178 1125 4236 ut
1195 4192 1229 4237 e
1299 4173 1619 4238 sensentia
1679 4174 1883 4257 magis
1948 4193 2133 4255 quam
2199 4193 2235 4237 e
2300 4173 2572 4238 dictione
2638 4174 2943 4239 memoria

609 4279 942 4343 [lum-:rma
989 4277 1519 4364 deprehendatur.
1585 4279 1990 4362 Quacumque
2055 4300 2206 4344 vero
2271 4280 2637 4344 imitationis
2696 4280 2939 4345 ratione

609 4391 693 4451 mi
749 4395 905 4471 sunt,
954 4407 1213 4454 necesse
1265 4393 1361 4453 est
1408 4408 1517 4453 eos
1564 4389 1784 4470 verba,
1835 4406 1996 4469 quae
2042 4386 2268 4451 imitati
2317 4395 2481 4471 sunt,
2546 4386 2939 4453 intellexisse

609 4511 665 4559 cr
745 4499 881 4579 ipsa
952 4495 1300 4564 imitatione
1376 4496 1688 4582 quomodo
1758 4494 2221 4561 intellexissent
2303 4493 2713 4581 significasse.
2793 4495 2939 4561 Jam
