3250 5117
1189 382 1585 448 ...59-

168 567 345 648 Hoc
388 570 582 659 igitur
626 570 793 646 loco,
815 592 943 652 non,
990 573 1209 657 glossa
1270 569 1585 654 quaedam
1649 570 2014 654 Homerica,
2046 574 2245 658 verbo
2309 574 2542 666 ueitato

168 682 577 766 explicatur,
625 680 742 748 sed
788 700 915 747 vox
980 680 1296 762 quaedam
1360 684 1601 745 novata
1666 699 1766 760 eo,
1831 681 1915 746 ad
1978 682 2147 765 quod
2211 684 2362 751 ficta
2424 693 2544 769 est,

166 788 403 854 verbo
449 788 787 862 Homerico
834 785 1197 852 illustratur.

385 1083 616 1150 Phoen.
666 1080 794 1146 208
842 1100 981 1164 sqq.

380 1193 773 1259 Phoenissae
806 1191 890 1259 ad
925 1192 1235 1278 Apollinis
1270 1194 1569 1278 Delphici
1596 1194 1902 1280 templum
1937 1196 2138 1264 iturae
2177 1198 2260 1266 de
2296 1199 2543 1285 itinere,

176 1298 374 1381 qnod
421 1300 503 1365 ab
542 1299 697 1366 urbe
745 1299 918 1384 Tyro
964 1298 1290 1384 profectae
1335 1319 1711 1384 permensae
1758 1309 1924 1385 sunt,
1971 1304 2133 1372 haec
2180 1305 2427 1372 dicunt:

830 1470 1049 1546 Ἰόνιον
1094 1470 1252 1538 κατὰ
1298 1470 1525 1536 πόντον
1569 1472 1705 1535 ἐλά-

835 1602 911 1661 τᾳ
954 1578 1276 1642 πλεύσασα
1322 1579 1798 1662 περιρρύτων

838 1685 1027 1767 ὑπὲρ
1074 1685 1567 1766 ἀκαρπίστων
1611 1686 1897 1750 πεδίων

837 1790 1202 1873 Σικελίας
1245 1790 1544 1874 Ζεφύρου
1589 1798 1810 1865 πνοαῖς

841 1899 1252 1970 ἱππεύσαντος
1297 1900 1363 1962 ἓν
1408 1899 1666 1981 οὐρανῷ

837 2005 1157 2071 κάλλιστον
1202 2006 1545 2089 κελάδημα.

372 2169 734 2237 Scholiasta
777 2169 837 2236 h.
887 2172 930 2235 1.
978 2170 1142 2236 haec
1186 2170 1500 2256 praebet:
1548 2171 1898 2254 ἀκάρπιστα
1945 2171 2126 2235 πεδία
2172 2173 2235 2237 οἱ
2291 2171 2409 2255 μὲν
2466 2172 2539 2237 τὰ

181 2279 596 2363 πολύκαρπα,
647 2281 707 2343 οἳ
751 2278 820 2342 δὲ
863 2279 934 2341 τὰ
981 2263 1290 2342 θαλάσσια
1336 2279 1537 2356 πεδία,
1586 2280 1628 2341 ὅ
1672 2278 1794 2341 ἐστι
1829 2277 1901 2341 τὰ
1939 2279 2216 2361 ἄκαρπα,
2251 2279 2345 2349 ὥς
2370 2303 2496 2344 που
2515 2283 2538 2326 ¹

183 2384 303 2448 καὶ
349 2385 772 2466 ἀτρύγετος
815 2385 1046 2466 λέγεται
1106 2387 1146 2466 ἡ
1211 2385 1600 2461 θάλασσα,
1670 2388 1890 2465 atque:
1957 2369 2540 2467 dxdgmma'mdc'a

190 2490 314 2572 τὴν
360 2491 684 2556 ’θάλασσάν
738 2476 945 2575 φήσιν,
1012 2492 1140 2554 ἐπεὶ
1201 2491 1474 2565 πεζεύειν
1538 2492 1603 2553 αἱ
1663 2496 1806 2572 νῆες
1869 2491 2162 2554 δοκοῦσιν
2225 2491 2542 2573 ὀχήματος

183 2598 447 2678 τρόπον,
521 2600 615 2671 ὡς
675 2599 781 2662 καὶ
830 2598 978 2662 Ἴων
1042 2600 1197 2680 λέγει
1259 2598 1412 2683 (fry.
1480 2596 1592 2681 60)
1662 2599 1851 2677 ,,ὅταν
1915 2596 1984 2660 δὲ
2036 2598 2268 2661 πόντου
2327 2599 2540 2662 πεδίον

184 2705 458 2786 Αἰγαῖον
505 2706 774 2788 δράμω“
823 2706 929 2768 καὶ
972 2705 1285 2786 Αἰσχύλος
1351 2704 1619 2786 Νηρεΐσι
1683 2704 1836 2789 (fry.
1903 2704 2057 2783 146)
2130 2705 2541 2788 ,,δελφινηρόν

180 2811 406 2875 πεδίον
486 2812 717 2875 πόντου
782 2812 1329 2893 διαμειψάμεναι“.
1421 2808 1671 2874 Eadem
1749 2809 2035 2876 invenies
2110 2808 2280 2894 apud
2344 2809 2538 2877 schol.

178 2916 316 2980 AB
360 2914 446 2980 ad
487 2914 694 2981 027:
734 2916 1136 2999 ἀτρύγετον
1175 2963 1442 2980 .....
1492 2917 1785 2997 ἄκαρπον
1804 2917 1847 2981 2.
1908 2915 2081 2998 παρὰ
2140 2916 2251 2998 τὴν
2285 2918 2535 2999 τρύγην,

189 3022 291 3091 ὥς
334 3020 786 3104 Εὐριπίδης,
835 3023 1269 3104 ἀκάρπιστα
1314 3022 1536 3085 πεδία
1583 3022 1785 3102 λέγων
1828 3021 1938 3103 τὴν
1983 3022 2325 3086 θάλασσαν.
2374 3019 2531 3087 Con·

191 3127 479 3193 sentiunt
520 3127 714 3212 igitur
758 3127 923 3195 inter
968 3147 1039 3193 se
1098 3134 1353 3194 veteres
1416 3125 1833 3211 grammatici,
1891 3126 2258 3212 Euripidem
2323 3126 2540 3193 verbis

190 3235 547 3319 ἅκάρπιστα
620 3237 799 3300 πεδία
880 3236 1361 3321 interpretatum
1427 3253 1569 3300 esse
1646 3232 1909 3301 Homeri
1978 3232 2137 3298 illud
2212 3235 2540 3319 ἀτρύγετος

191 3341 445 3423 πόντος,
490 3341 658 3425 quod
697 3361 886 3425 quam
953 3342 1131 3408 varie
1196 3340 1584 3426 explicatum
1638 3339 1742 3421 sit,
1817 3339 2055 3426 optime
2122 3340 2391 3425 colligas
2456 3359 2538 3406 ex

190 3446 403 3533 Apoll.
450 3447 645 3532 Soph.
697 3449 934 3529 46,16:
992 3450 1426 3532 ἀτρυγέτοιο
1487 3450 1855 3519 ἕπιθετικῶς
1915 3455 2023 3530 τῆς
2080 3449 2419 3530 θαλάσσης.
2482 3450 2542 3511 οἱ

192 3554 311 3636 μὲν
357 3556 690 3638 ἀτρυγέτου
737 3556 1214 3639 ἀκαταπονήτου
1260 3557 1373 3618 ὑπ’
1434 3557 1671 3639 ἀνέμου
1727 3557 1833 3620 καὶ
1892 3562 2021 3619 τῶν
2084 3557 2312 3634 ἄλλων,
2379 3555 2536 3619 κατὰ

192 3661 641 3742 παρέμπτωσιν
682 3667 792 3726 τοῦ
839 3663 938 3744 γ3.
986 3663 1046 3726 οῖ
1090 3662 1158 3725 δὲ
1199 3669 1306 3745 τῆς
1350 3664 1612 3745 βαθείας
1650 3664 1743 3733 ὡς
1777 3663 1970 3744 τρύγα
2006 3660 2096 3743 μὴ
2136 3663 2310 3743 ἔχειν,
2348 3685 2533 3743 μετα-

194 3771 501 3848 φορικῶς,
541 3767 749 3849 ἐπειδὴ
787 3769 957 3838 τέλος
991 3774 1099 3833 τοῦ
1138 3770 1309 3832 οἴνου
1346 3768 1511 3850 τρύξ.
1553 3771 1611 3832 οἱ
1641 3768 1710 3831 δὲ
1745 3768 2083 3832 ὑπόστασιν
2118 3767 2208 3850 μὴ
2249 3768 2532 3852 ἐχούσης,

375 4056 396 4095 ¹
433 4055 511 4127 ὥς
551 4076 653 4117 που
695 4056 762 4133 Β,
808 4057 942 4117 ὅπου
982 4055 1096 4118 ΤΑ.

373 4163 398 4202 2
435 4159 519 4217 cf.
553 4160 700 4217 EM.
736 4162 945 4231 mmm,
982 4161 1215 4231 Hesych.
1256 4178 1300 4217 s.
1334 4180 1383 4217 v.

373 4260 398 4299 ³
436 4257 520 4316 Cf.
544 4259 818 4315 Herodian
848 4259 928 4328 (1.)
956 4260 1011 4313 11
1037 4275 1089 4329 p.
1120 4258 1349 4329 284‚12:
1379 4258 1692 4337 ἀτρύγετος·
1716 4258 1869 4337 παρά
1887 4259 1950 4318 το
1969 4260 2143 4338 τρύειν
2165 4259 2529 4341 πλεονασμῷ·

200 4345 424 4425 ἄτρυτος
464 4346 574 4425 γὰρ
616 4348 871 4426 ἀτρύετος
910 4347 1004 4407 καὶ
1045 4348 1387 4429 πλεονασμῷ
1444 4355 1543 4408 τοῦ
1598 4368 1637 4426 γ
1690 4347 2022 4429 ἀτρύγετοςς
2082 4347 2151 4404 cf.
2207 4349 2339 4410 fles.
2398 4364 2443 4405 8·
2500 4366 2534 4404 v

202 4432 421 4516 ἄτρυτον
462 4438 522 4490 et
556 4433 866 4516 ἀτρύγετος.
