3250 5117
1095 866 1862 944 SOPHOGLES.

478 1044 577 1112 Αἰ.
625 1043 754 1109 296
779 1066 794 1105 z

674 1204 803 1264 ἔσω
853 1202 890 1264 ὁ
955 1201 1179 1283 ἐσῆλθε
1223 1202 1554 1271 συνδέτουζ
1600 1204 1778 1284 ἄγων
1817 1204 1983 1285 ὁμοῦ

672 1309 958 1389 ταύρους,
1007 1307 1201 1377 κύνας
1245 1310 1518 1390 βοτῆρας
1563 1308 1781 1390 εὕερόν
1826 1311 1881 1369 τ’
1932 1310 2147 1390 ἄγραν.

671 1413 776 1476 καὶ
820 1413 962 1482 τοὺς
995 1412 1114 1494 μὲν
1158 1415 1457 1496 ηὓχένιζε,
1503 1414 1648 1484 τοὺς
1694 1416 1749 1478 δ’
1798 1416 1951 1478 ἀνω
1990 1416 2284 1496 τρέπων

672 1520 947 1600 ἔσφαζε
983 1520 1337 1603 κάρράχιζε.

486 1686 588 1752 Ad
634 1686 898 1752 Homeri
941 1688 1004 1750 A
1049 1685 1218 1753 459:

522 1828 549 1852 l

525 1854 925 1935 αὐέρυσαν
969 1853 1115 1935 μὲν
1150 1857 1415 1935 πρῶτα
1453 1852 1593 1914 καὶ
1630 1852 2020 1932 ἔσφαξαν1
2064 1851 2171 1913 καὶ
2206 1852 2448 1933 ἔδειραν

293 2019 514 2087 fichol.
563 2020 623 2081 A
669 2018 832 2086 haec
877 2020 1176 2102 praebet:
1226 2022 1310 2089 εἷς
1345 2020 1665 2083 τοῦπίσσω
1713 2019 1995 2081 ἀνέκλων
2048 2018 2155 2081 τὸν
2199 2019 2507 2102 τράχηλον
2552 2026 2665 2082 τοῦ

305 2128 635 2209 θυομένου
685 2127 927 2207 ῑερείου,
977 2127 1070 2195 ὡς
1120 2127 1445 2207 προσέχειν
1509 2127 1601 2195 εἰς·
1659 2114 1955 2206 οὐρανοί
1990 2131 2116 2193 τοῖς
2180 2126 2345 2193 θεοῖς
2373 2163 2376 2168 2
2407 2125 2495 2193 οἷς
2558 2126 2667 2188 καὶ

304 2234 597 2313 ἐθύοντο,
645 2233 738 2301 ὡς
783 2233 890 2295 καὶ
936 2234 1146 2295 αὐτῶν
1192 2234 1393 2294 ὄντων
1451 2232 1516 2294 ἓν
1581 2232 1861 2312 οὐρανῷ,
1921 2230 2209 2295 similiter
2271 2229 2667 2295 Aristonicus

302 2337 399 2403 ad
442 2339 505 2401 B
550 2337 720 2402 422:
769 2341 860 2401 ὅτι
904 2338 974 2400 τὸ
1021 2337 1102 2401 αὗ
1150 2340 1382 2418 ἔρυσαν
1429 2337 1558 2400 ἀντὶ
1600 2343 1711 2401 τοῦ
1758 2338 1842 2406 οἷς
1886 2339 2201 2401 τούπίοσω
2224 2339 2251 2381 2
2299 2337 2665 2409 ἀνέκλασαν,

309 2448 350 2508 ὃ
397 2450 683 2509 ποιοῦσιν
731 2446 792 2507 οἳ
838 2445 1229 2525 σφάζοντες.3
1276 2482 1361 2490 —
1409 2443 1608 2509 Recte
1655 2442 1848 2527 igitur
1892 2480 1975 2489 —
2024 2441 2232 2522 quoad
2279 2440 2363 2506 ad
2398 2462 2530 2506 rem
2579 2480 2668 2488 —

312 2550 493 2615 illum
542 2548 1035 2614 sacrificantium
1082 2548 1270 2614 ritum
1314 2548 1762 2613 intellexerunt
1799 2548 2197 2631 grammatici
2231 2567 2437 2630 neque
2477 2547 2667 2614 aliter

312 2656 674 2748 Sophocles
754 2655 1206 2739 interpretatus
1290 2660 1409 2735 est,
1495 2654 1670 2718 cuius
1754 2654 1962 2718 animo
2044 2651 2202 2717 illud
2263 2654 2671 2720 Homericum

313 2763 603 2844 αὓερύειν
651 2762 1059 2826 obversatum
1107 2766 1222 2826 est.
1269 2759 1606 2826 Dubitanti
1654 2765 1887 2840 autem,
1925 2761 2021 2823 ‘an
2057 2778 2284 2825 revera
2319 2760 2419 2827 his
2454 2762 2671 2827 verbis

314 2868 469 2933 insit
510 2867 919 2952 paraphrasis
963 2866 1326 2942 Homerica,
1374 2871 1572 2931 testes
1617 2870 2035 2947 auctoresque
2102 2859 2284 2929 erunt
2343 2872 2409 2930 et
2470 2867 2671 2932 schol.

314 2973 408 3038 ad
453 2976 555 3038 Αἰ.
606 2973 774 3037 298ε
841 2975 996 3055 ὅπερ
1049 2972 1341 3054 ’Όμηρος
1407 2972 1689 3052 αὕερύειν
1744 2972 1937 3055 φησὶν
2000 2973 2164 3035 ὥστε
2222 2973 2380 3035 κατὰ
2443 2974 2672 3053 λαιμοῦ

319 3081 598 3163 γίνεσθαι
633 3080 744 3161 τὴν
778 3080 1031 3161 σφαγήν
1071 3082 1133 3140 et
1169 3077 1341 3142 Eust.
1379 3076 1653 3157 1·34‚l7:
1697 3075 1808 3161 (ad
1839 3076 2080 3161 A459)
2118 3080 2174 3140 εἰ
2212 3078 2330 3159 μὲν
2365 3084 2488 3147 τοῖς
2534 3080 2672 3142 ἀνω
2713 3137 2717 3142 .

319 3188 536 3263 ἔθυον,
605 3185 881 3248 ἀνακλᾶν
938 3184 1045 3246 τὸν
1103 3190 1212 3247 τοῦ
1280 3185 1499 3264 ἱερείου
1558 3184 1885 3266 τράχηλον,
1939 3184 2099 3246 ὥστε
2144 3184 2396 3264 ἀφορᾶν
2442 3184 2535 3252 ὡς
2591 3185 2676 3252 εἷς

315 3291 597 3372 οὗρανὸν
646 3339 973 3352 ......
1023 3291 1062 3351 ὅ
1109 3291 1185 3371 δή
1235 3290 1593 3371 ἑρμηνεύειν
1642 3290 1820 3352 δοκεῖ
1857 3290 2201 3371 Σοφοκλῆς
2246 3291 2311 3352 ἓν
2355 3297 2447 3370 τῷ
2496 3290 2675 3369 „xiim

503 3614 524 3651 1
563 3604 646 3660 Cf.
686 3604 931 3671 Schulzc‚
971 3610 1195 3673 quaest.
1236 3608 1383 3674 epic.
1421 3620 1474 3672 p.
1517 3603 1604 3672 56,
1647 3603 1739 3671 qui
1774 3608 1952 3657 totum
2002 3605 2148 3657 hunc
2183 3602 2358 3658 locum
2394 3603 2678 3660 tractavit.

504 3721 528 3759 2
569 3717 647 3773 cf.
689 3717 925 3788 Cramer,
966 3724 1142 3774 Anac.
1183 3723 1292 3775 Ox.
1332 3721 1359 3775 I
1395 3738 1448 3790 p.
1488 3719 1647 3788 29‚13
1686 3718 1774 3788 (cf.
1806 3735 1972 3787 supra
2008 3736 2060 3787 p.
2101 3718 2251 3788 214).

503 3835 528 3874 3
564 3833 806 3887 Verbum
846 3831 1086 3912 αὐερύειν
1129 3835 1365 3889 recurrit
1400 3838 1456 3889 et
1491 3833 1624 3889 alibi
1662 3836 1716 3887 et
1752 3831 2096 3901 (3323.sqq;

647 3960 685 4035 ἧ
727 3983 808 4022 τοι
854 3964 883 4022 ὁ
927 3964 1026 4038 μὲν
1070 3966 1339 4044 φαρέτρης
1382 3963 1631 4038 ἐξείλετο
1671 3964 1865 4043 πικρὸν
1909 3967 2108 4041 οἰστόν,

655 4068 804 4128 ,θῆκε
849 4060 896 4119 δ’
943 4059 1030 4119 ἐπὶ
1073 4069 1256 4141 νευρῇ·
1297 4062 1386 4120 τὸν
1431 4062 1480 4121 δ’
1528 4057 1593 4121 αὖ
1635 4062 2013 4141 ηρρυέὰαίολος
2057 4062 2280 4146 Ἕκτωρ

654 4158 953 4237 αὐερύοντα
993 4157 1135 4236 παρ’
1177 4156 1327 4232 ὦμον
1373 4201 1633 4222 .....
1678 4159 1850 4234 βάλεν
1892 4159 2047 4239 λίθῳ
2088 4161 2376 4240 ὀκριόεντι,

318 4322 404 4361 -ex
442 4320 548 4372 quo
585 4321 693 4360 uno
729 4306 869 4376 1000,
910 4306 1042 4375 quid
1078 4306 1235 4362 verbi
1273 4308 1520 4386 αὐερὺειν
1561 4325 1695 4377 pars
1731 4278 1897 4378 prior·
1925 4309 2032 4365 sibi
2068 4311 2216 4379 velit,
2254 4309 2453 4367 melius
2508 4313 2687 4368 elucet

312 4409 497 4463 quam
533 4400 588 4447 A
627 4393 767 4463 4593
809 4410 985 4450 sermo
1022 4396 1174 4450 enim
1208 4400 1296 4452 est
1333 4396 1407 4482 de
1442 4397 1700 4464 „Teucro
1723 4415 1885 4455 arcus
1922 4415 2159 4468 nervum,
2207 4401 2293 4455 cui
2333 4403 2533 4470 sagitta
2577 4402 2689 4456 iam

328 4482 602 4550 imposita
620 4485 774 4552 erat,
814 4499 842 4537 r
863 4488 1020 4539 etro
1057 4484 1316 4542 trahente
1351 4489 1408 4540 et
1440 4501 1626 4541 umero
1664 4477 1894 4557 propius
1926 4488 2293 4543 admovente.“
