<?xml version="1.0" encoding="UTF-8"?>
<!DOCTYPE html PUBLIC "-//W3C//DTD XHTML 1.0 Transitional//EN"
    "http://www.w3.org/TR/xhtml1/DTD/xhtml1-transitional.dtd">
<html xmlns="http://www.w3.org/1999/xhtml" xml:lang="en" lang="en">
 <head>
  <title>
</title>
<meta http-equiv="Content-Type" content="text/html;charset=utf-8" />
  <meta name='ocr-system' content='tesseract 3.04.00' />
  <meta name='ocr-capabilities' content='ocr_page ocr_carea ocr_par ocr_line ocrx_word'/>
</head>
<body>
  <div class='ocr_page' id='page_1' title='image "./deparaphrasisho00kahlgoog_0009.png"; bbox 0 0 3250 5117; ppageno 0'>
   <div class='ocr_carea' id='block_1_1' title="bbox 300 1426 2685 4305">
    <p class='ocr_par' dir='ltr' id='par_1_1' title="bbox 300 1426 2685 4305">
     <span class='ocr_line' id='line_1_1' title="bbox 523 1426 2683 1514; baseline 0.002 -25"><span class='ocrx_word' id='word_1_1' title='bbox 523 1426 767 1492; x_wconf 88' lang='lat' dir='ltr'><strong>Lchrsii</strong></span> <span class='ocrx_word' id='word_1_2' title='bbox 831 1429 992 1494; x_wconf 85' lang='lat' dir='ltr'><strong>liber</strong></span> <span class='ocrx_word' id='word_1_3' title='bbox 1074 1430 1208 1514; x_wconf 87' lang='lat' dir='ltr'><strong>„De</strong></span> <span class='ocrx_word' id='word_1_4' title='bbox 1278 1428 1625 1495; x_wconf 78' lang='lat' dir='ltr'>Aristarchi</span> <span class='ocrx_word' id='word_1_5' title='bbox 1693 1428 1917 1494; x_wconf 88' lang='lat' dir='ltr'><strong>studiis</strong></span> <span class='ocrx_word' id='word_1_6' title='bbox 1989 1426 2381 1494; x_wconf 85' lang='lat' dir='ltr'><strong>Homericis“</strong></span> <span class='ocrx_word' id='word_1_7' title='bbox 2453 1436 2683 1509; x_wconf 85' lang='lat' dir='ltr'><strong>quanto</strong></span> 
     </span>
     <span class='ocr_line' id='line_1_2' title="bbox 351 1534 2684 1624; baseline 0.002 -27"><span class='ocrx_word' id='word_1_8' title='bbox 351 1534 771 1599; x_wconf 88' lang='lat' dir='ltr'><strong>emolumento</strong></span> <span class='ocrx_word' id='word_1_9' title='bbox 808 1535 1035 1602; x_wconf 83' lang='lat' dir='ltr'><strong>litteris</strong></span> <span class='ocrx_word' id='word_1_10' title='bbox 1081 1537 1291 1618; x_wconf 86' lang='lat' dir='ltr'><strong>fuerit,</strong></span> <span class='ocrx_word' id='word_1_11' title='bbox 1341 1557 1480 1601; x_wconf 89' lang='lat' dir='ltr'><strong>cum</strong></span> <span class='ocrx_word' id='word_1_12' title='bbox 1530 1536 1855 1624; x_wconf 75' lang='lat' dir='ltr'><strong>egregium</strong></span> <span class='ocrx_word' id='word_1_13' title='bbox 1893 1536 1956 1600; x_wconf 89' lang='lat' dir='ltr'><strong>in</strong></span> <span class='ocrx_word' id='word_1_14' title='bbox 1993 1536 2248 1601; x_wconf 86' lang='lat' dir='ltr'><strong>modum</strong></span> <span class='ocrx_word' id='word_1_15' title='bbox 2295 1535 2684 1621; x_wconf 79' lang='lat' dir='ltr'>exponendis</span> 
     </span>
     <span class='ocr_line' id='line_1_3' title="bbox 350 1643 2684 1729; baseline 0.001 -24"><span class='ocrx_word' id='word_1_16' title='bbox 350 1646 632 1707; x_wconf 83' lang='lat' dir='ltr'><strong>veterum</strong></span> <span class='ocrx_word' id='word_1_17' title='bbox 679 1644 1220 1726; x_wconf 86' lang='lat' dir='ltr'><strong>grammaticorum</strong></span> <span class='ocrx_word' id='word_1_18' title='bbox 1267 1643 1494 1710; x_wconf 86' lang='lat' dir='ltr'><strong>studiis</strong></span> <span class='ocrx_word' id='word_1_19' title='bbox 1531 1644 1884 1710; x_wconf 78' lang='lat' dir='ltr'><strong>Homericis</strong></span> <span class='ocrx_word' id='word_1_20' title='bbox 1948 1646 2115 1709; x_wconf 85' lang='lat' dir='ltr'><strong>viam</strong></span> <span class='ocrx_word' id='word_1_21' title='bbox 2160 1643 2513 1729; x_wconf 81' lang='lat' dir='ltr'>muniverit,</span> <span class='ocrx_word' id='word_1_22' title='bbox 2560 1664 2684 1708; x_wconf 90' lang='lat' dir='ltr'><strong>non</strong></span> 
     </span>
     <span class='ocr_line' id='line_1_4' title="bbox 350 1750 2685 1834; baseline 0.001 -20"><span class='ocrx_word' id='word_1_23' title='bbox 350 1769 507 1834; x_wconf 89' lang='lat' dir='ltr'><strong>opus</strong></span> <span class='ocrx_word' id='word_1_24' title='bbox 553 1757 650 1816; x_wconf 89' lang='lat' dir='ltr'><strong>est</strong></span> <span class='ocrx_word' id='word_1_25' title='bbox 696 1750 892 1817; x_wconf 88' lang='lat' dir='ltr'><strong>fusius</strong></span> <span class='ocrx_word' id='word_1_26' title='bbox 930 1750 1263 1818; x_wconf 80' lang='lat' dir='ltr'><strong>disserere.</strong></span> <span class='ocrx_word' id='word_1_27' title='bbox 1312 1751 1538 1834; x_wconf 85' lang='lat' dir='ltr'><strong>Neque</strong></span> <span class='ocrx_word' id='word_1_28' title='bbox 1604 1759 1817 1817; x_wconf 87' lang='lat' dir='ltr'><strong>tamen</strong></span> <span class='ocrx_word' id='word_1_29' title='bbox 1876 1751 2267 1817; x_wconf 86' lang='lat' dir='ltr'><strong>reticendum</strong></span> <span class='ocrx_word' id='word_1_30' title='bbox 2332 1757 2448 1833; x_wconf 80' lang='lat' dir='ltr'><strong>est,</strong></span> <span class='ocrx_word' id='word_1_31' title='bbox 2514 1750 2685 1834; x_wconf 90' lang='lat' dir='ltr'><strong>quod</strong></span> 
     </span>
     <span class='ocr_line' id='line_1_5' title="bbox 350 1857 2683 1943; baseline 0.001 -22"><span class='ocrx_word' id='word_1_32' title='bbox 350 1876 450 1922; x_wconf 91' lang='lat' dir='ltr'><strong>res</strong></span> <span class='ocrx_word' id='word_1_33' title='bbox 489 1858 656 1943; x_wconf 81' lang='lat' dir='ltr'><strong>cogit</strong></span> <span class='ocrx_word' id='word_1_34' title='bbox 703 1859 1009 1940; x_wconf 83' lang='lat' dir='ltr'><strong>confiteri,</strong></span> <span class='ocrx_word' id='word_1_35' title='bbox 1078 1858 1507 1924; x_wconf 88' lang='lat' dir='ltr'><strong>doctissimum</strong></span> <span class='ocrx_word' id='word_1_36' title='bbox 1566 1858 1746 1924; x_wconf 90' lang='lat' dir='ltr'><strong>illum</strong></span> <span class='ocrx_word' id='word_1_37' title='bbox 1807 1858 2005 1923; x_wconf 86' lang='lat' dir='ltr'><strong>virum</strong></span> <span class='ocrx_word' id='word_1_38' title='bbox 2066 1858 2169 1923; x_wconf 92' lang='lat' dir='ltr'><strong>hic</strong></span> <span class='ocrx_word' id='word_1_39' title='bbox 2231 1857 2361 1924; x_wconf 90' lang='lat' dir='ltr'><strong>illic</strong></span> <span class='ocrx_word' id='word_1_40' title='bbox 2414 1865 2520 1923; x_wconf 91' lang='lat' dir='ltr'><strong>aut</strong></span> <span class='ocrx_word' id='word_1_41' title='bbox 2586 1877 2683 1940; x_wconf 85' lang='lat' dir='ltr'><strong>ea,</strong></span> 
     </span>
     <span class='ocr_line' id='line_1_6' title="bbox 345 1963 2682 2051; baseline 0.001 -23"><span class='ocrx_word' id='word_1_42' title='bbox 345 1963 425 2029; x_wconf 93' lang='lat' dir='ltr'><strong>de</strong></span> <span class='ocrx_word' id='word_1_43' title='bbox 486 1966 708 2047; x_wconf 87' lang='lat' dir='ltr'><strong>quibus</strong></span> <span class='ocrx_word' id='word_1_44' title='bbox 772 1973 945 2032; x_wconf 91' lang='lat' dir='ltr'><strong>recte</strong></span> <span class='ocrx_word' id='word_1_45' title='bbox 1002 1966 1451 2050; x_wconf 83' lang='lat' dir='ltr'><strong>grammaticus</strong></span> <span class='ocrx_word' id='word_1_46' title='bbox 1516 1967 1984 2032; x_wconf 85' lang='lat' dir='ltr'><strong>Alexandrinus</strong></span> <span class='ocrx_word' id='word_1_47' title='bbox 2055 1965 2419 2051; x_wconf 80' lang='lat' dir='ltr'><strong>disputavit,</strong></span> <span class='ocrx_word' id='word_1_48' title='bbox 2499 1963 2682 2031; x_wconf 91' lang='lat' dir='ltr'><strong>nimis</strong></span> 
     </span>
     <span class='ocr_line' id='line_1_7' title="bbox 346 2072 2683 2160; baseline 0.001 -24"><span class='ocrx_word' id='word_1_49' title='bbox 346 2072 622 2160; x_wconf 79' lang='lat' dir='ltr'><strong>gloriose</strong></span> <span class='ocrx_word' id='word_1_50' title='bbox 683 2073 1091 2159; x_wconf 80' lang='lat' dir='ltr'><strong>praedicasse</strong></span> <span class='ocrx_word' id='word_1_51' title='bbox 1159 2081 1269 2139; x_wconf 86' lang='lat' dir='ltr'><strong>aut</strong></span> <span class='ocrx_word' id='word_1_52' title='bbox 1335 2094 1499 2156; x_wconf 89' lang='lat' dir='ltr'><strong>quae</strong></span> <span class='ocrx_word' id='word_1_53' title='bbox 1562 2073 1730 2140; x_wconf 81' lang='lat' dir='ltr'><strong>salsa</strong></span> <span class='ocrx_word' id='word_1_54' title='bbox 1793 2074 1899 2139; x_wconf 91' lang='lat' dir='ltr'><strong>ille</strong></span> <span class='ocrx_word' id='word_1_55' title='bbox 1966 2074 2247 2160; x_wconf 88' lang='lat' dir='ltr'><strong>protulit,</strong></span> <span class='ocrx_word' id='word_1_56' title='bbox 2324 2072 2683 2159; x_wconf 85' lang='lat' dir='ltr'><strong>diligentius</strong></span> 
     </span>
     <span class='ocr_line' id='line_1_8' title="bbox 348 2179 2681 2267; baseline 0 -23"><span class='ocrx_word' id='word_1_57' title='bbox 348 2179 721 2246; x_wconf 82' lang='lat' dir='ltr'><strong>obscurasse</strong></span> <span class='ocrx_word' id='word_1_58' title='bbox 767 2181 876 2261; x_wconf 85' lang='lat' dir='ltr'><strong>ita,</strong></span> <span class='ocrx_word' id='word_1_59' title='bbox 938 2188 1006 2246; x_wconf 91' lang='lat' dir='ltr'><strong>ut</strong></span> <span class='ocrx_word' id='word_1_60' title='bbox 1068 2182 1498 2246; x_wconf 89' lang='lat' dir='ltr'><strong>invenirentur</strong></span> <span class='ocrx_word' id='word_1_61' title='bbox 1557 2181 1727 2247; x_wconf 87' lang='lat' dir='ltr'><strong>haud</strong></span> <span class='ocrx_word' id='word_1_62' title='bbox 1773 2181 1979 2267; x_wconf 87' lang='lat' dir='ltr'><strong>pauci,</strong></span> <span class='ocrx_word' id='word_1_63' title='bbox 2042 2182 2266 2263; x_wconf 91' lang='lat' dir='ltr'><strong>quibus</strong></span> <span class='ocrx_word' id='word_1_64' title='bbox 2327 2200 2483 2246; x_wconf 89' lang='lat' dir='ltr'><strong>unus</strong></span> <span class='ocrx_word' id='word_1_65' title='bbox 2548 2180 2681 2245; x_wconf 85' lang='lat' dir='ltr'><strong>Ari-</strong></span> 
     </span>
     <span class='ocr_line' id='line_1_9' title="bbox 346 2286 2684 2375; baseline 0 -25"><span class='ocrx_word' id='word_1_66' title='bbox 346 2286 633 2352; x_wconf 89' lang='lat' dir='ltr'><strong>starchus</strong></span> <span class='ocrx_word' id='word_1_67' title='bbox 678 2288 949 2352; x_wconf 89' lang='lat' dir='ltr'><strong>omnium</strong></span> <span class='ocrx_word' id='word_1_68' title='bbox 997 2287 1196 2353; x_wconf 85' lang='lat' dir='ltr'><strong>instar</strong></span> <span class='ocrx_word' id='word_1_69' title='bbox 1251 2288 1647 2370; x_wconf 89' lang='lat' dir='ltr'><strong>antiquorum</strong></span> <span class='ocrx_word' id='word_1_70' title='bbox 1702 2288 2252 2375; x_wconf 83' lang='lat' dir='ltr'><strong>grammaticorum</strong></span> <span class='ocrx_word' id='word_1_71' title='bbox 2297 2286 2362 2352; x_wconf 89' lang='lat' dir='ltr'><strong>in</strong></span> <span class='ocrx_word' id='word_1_72' title='bbox 2409 2286 2684 2370; x_wconf 85' lang='lat' dir='ltr'><strong>quaesti·</strong></span> 
     </span>
     <span class='ocr_line' id='line_1_10' title="bbox 348 2394 2680 2480; baseline 0.001 -24"><span class='ocrx_word' id='word_1_73' title='bbox 348 2394 571 2459; x_wconf 91' lang='lat' dir='ltr'><strong>onibus</strong></span> <span class='ocrx_word' id='word_1_74' title='bbox 600 2394 951 2460; x_wconf 83' lang='lat' dir='ltr'><strong>Homericis</strong></span> <span class='ocrx_word' id='word_1_75' title='bbox 981 2400 1167 2461; x_wconf 89' lang='lat' dir='ltr'><strong>esset.</strong></span> <span class='ocrx_word' id='word_1_76' title='bbox 1219 2394 1395 2473; x_wconf 82' lang='lat' dir='ltr'><strong>Quae</strong></span> <span class='ocrx_word' id='word_1_77' title='bbox 1438 2395 1753 2460; x_wconf 87' lang='lat' dir='ltr'><strong>sententia</strong></span> <span class='ocrx_word' id='word_1_78' title='bbox 1779 2416 1861 2461; x_wconf 91' lang='lat' dir='ltr'><strong>ne</strong></span> <span class='ocrx_word' id='word_1_79' title='bbox 1888 2396 1951 2460; x_wconf 92' lang='lat' dir='ltr'><strong>in</strong></span> <span class='ocrx_word' id='word_1_80' title='bbox 1980 2396 2191 2478; x_wconf 84' lang='lat' dir='ltr'><strong>legem</strong></span> <span class='ocrx_word' id='word_1_81' title='bbox 2222 2402 2284 2460; x_wconf 89' lang='lat' dir='ltr'><strong>et</strong></span> <span class='ocrx_word' id='word_1_82' title='bbox 2313 2394 2680 2480; x_wconf 81' lang='lat' dir='ltr'><strong>religionem</strong></span> 
     </span>
     <span class='ocr_line' id='line_1_11' title="bbox 348 2500 2682 2588; baseline 0 -23"><span class='ocrx_word' id='word_1_83' title='bbox 348 2500 516 2585; x_wconf 86' lang='lat' dir='ltr'><strong>apud</strong></span> <span class='ocrx_word' id='word_1_84' title='bbox 561 2501 845 2568; x_wconf 86' lang='lat' dir='ltr'><strong>homines</strong></span> <span class='ocrx_word' id='word_1_85' title='bbox 894 2503 1115 2568; x_wconf 88' lang='lat' dir='ltr'><strong>doctos</strong></span> <span class='ocrx_word' id='word_1_86' title='bbox 1163 2502 1387 2583; x_wconf 85' lang='lat' dir='ltr'><strong>abiret,</strong></span> <span class='ocrx_word' id='word_1_87' title='bbox 1434 2501 1716 2587; x_wconf 86' lang='lat' dir='ltr'><strong>inprimis</strong></span> <span class='ocrx_word' id='word_1_88' title='bbox 1752 2501 1988 2567; x_wconf 85' lang='lat' dir='ltr'><strong>factum</strong></span> <span class='ocrx_word' id='word_1_89' title='bbox 2026 2509 2123 2569; x_wconf 89' lang='lat' dir='ltr'><strong>est</strong></span> <span class='ocrx_word' id='word_1_90' title='bbox 2170 2523 2363 2588; x_wconf 81' lang='lat' dir='ltr'><strong>opera</strong></span> <span class='ocrx_word' id='word_1_91' title='bbox 2416 2502 2682 2586; x_wconf 82' lang='lat' dir='ltr'><strong>Augusti</strong></span> 
     </span>
     <span class='ocr_line' id='line_1_12' title="bbox 344 2608 2682 2694; baseline 0.001 -22"><span class='ocrx_word' id='word_1_92' title='bbox 344 2608 638 2689; x_wconf 86' lang='lat' dir='ltr'><strong>Nauckii,</strong></span> <span class='ocrx_word' id='word_1_93' title='bbox 686 2610 790 2693; x_wconf 88' lang='lat' dir='ltr'><strong>qui</strong></span> <span class='ocrx_word' id='word_1_94' title='bbox 837 2611 1152 2676; x_wconf 90' lang='lat' dir='ltr'><strong>erroribus</strong></span> <span class='ocrx_word' id='word_1_95' title='bbox 1200 2609 1550 2676; x_wconf 82' lang='lat' dir='ltr'><strong>Arist-archi</strong></span> <span class='ocrx_word' id='word_1_96' title='bbox 1602 2608 1833 2674; x_wconf 87' lang='lat' dir='ltr'><strong>acriter</strong></span> <span class='ocrx_word' id='word_1_97' title='bbox 1877 2608 2218 2694; x_wconf 85' lang='lat' dir='ltr'><strong>patefactis</strong></span> <span class='ocrx_word' id='word_1_98' title='bbox 2265 2609 2500 2694; x_wconf 87' lang='lat' dir='ltr'><strong>optimo</strong></span> <span class='ocrx_word' id='word_1_99' title='bbox 2547 2609 2682 2675; x_wconf 86' lang='lat' dir='ltr'><strong>iure</strong></span> 
     </span>
     <span class='ocr_line' id='line_1_13' title="bbox 349 2714 2683 2804; baseline 0.002 -25"><span class='ocrx_word' id='word_1_100' title='bbox 349 2714 545 2780; x_wconf 85' lang='lat' dir='ltr'><strong>edixit</strong></span> <span class='ocrx_word' id='word_1_101' title='bbox 593 2737 702 2782; x_wconf 90' lang='lat' dir='ltr'><strong>eos</strong></span> <span class='ocrx_word' id='word_1_102' title='bbox 749 2738 1017 2804; x_wconf 86' lang='lat' dir='ltr'><strong>quoque,</strong></span> <span class='ocrx_word' id='word_1_103' title='bbox 1066 2717 1171 2801; x_wconf 88' lang='lat' dir='ltr'><strong>qui</strong></span> <span class='ocrx_word' id='word_1_104' title='bbox 1219 2723 1365 2783; x_wconf 87' lang='lat' dir='ltr'><strong>ante</strong></span> <span class='ocrx_word' id='word_1_105' title='bbox 1411 2717 1840 2782; x_wconf 84' lang='lat' dir='ltr'><strong>Aristarchum</strong></span> <span class='ocrx_word' id='word_1_106' title='bbox 1888 2716 1951 2781; x_wconf 89' lang='lat' dir='ltr'><strong>in</strong></span> <span class='ocrx_word' id='word_1_107' title='bbox 1996 2717 2208 2783; x_wconf 87' lang='lat' dir='ltr'><strong>studia</strong></span> <span class='ocrx_word' id='word_1_108' title='bbox 2270 2717 2683 2803; x_wconf 86' lang='lat' dir='ltr'><strong>grammatica</strong></span> 
     </span>
     <span class='ocr_line' id='line_1_14' title="bbox 348 2823 2682 2907; baseline 0.002 -21"><span class='ocrx_word' id='word_1_109' title='bbox 348 2828 412 2886; x_wconf 83' lang='lat' dir='ltr'><strong>ct</strong></span> <span class='ocrx_word' id='word_1_110' title='bbox 458 2823 797 2890; x_wconf 86' lang='lat' dir='ltr'><strong>Homerica</strong></span> <span class='ocrx_word' id='word_1_111' title='bbox 837 2824 1289 2907; x_wconf 84' lang='lat' dir='ltr'><strong>incubuissent,</strong></span> <span class='ocrx_word' id='word_1_112' title='bbox 1338 2823 1687 2890; x_wconf 86' lang='lat' dir='ltr'><strong>audiendos</strong></span> <span class='ocrx_word' id='word_1_113' title='bbox 1734 2844 1877 2891; x_wconf 89' lang='lat' dir='ltr'><strong>esse</strong></span> <span class='ocrx_word' id='word_1_114' title='bbox 1915 2844 2118 2907; x_wconf 91' lang='lat' dir='ltr'><strong>neque</strong></span> <span class='ocrx_word' id='word_1_115' title='bbox 2156 2825 2682 2907; x_wconf 85' lang='lat' dir='ltr'><strong>acquiescendum</strong></span> 
     </span>
     <span class='ocr_line' id='line_1_15' title="bbox 344 2929 2683 3016; baseline 0.002 -22"><span class='ocrx_word' id='word_1_116' title='bbox 344 2930 409 2994; x_wconf 88' lang='lat' dir='ltr'><strong>in</strong></span> <span class='ocrx_word' id='word_1_117' title='bbox 454 2929 531 2995; x_wconf 90' lang='lat' dir='ltr'><strong>iis</strong></span> <span class='ocrx_word' id='word_1_118' title='bbox 577 2932 929 3014; x_wconf 87' lang='lat' dir='ltr'><strong>sententiis,</strong></span> <span class='ocrx_word' id='word_1_119' title='bbox 978 2953 1137 3015; x_wconf 91' lang='lat' dir='ltr'><strong>quas</strong></span> <span class='ocrx_word' id='word_1_120' title='bbox 1180 2933 1289 2998; x_wconf 81' lang='lat' dir='ltr'><strong>ille</strong></span> <span class='ocrx_word' id='word_1_121' title='bbox 1337 2932 1433 2997; x_wconf 84' lang='lat' dir='ltr'><strong>vir</strong></span> <span class='ocrx_word' id='word_1_122' title='bbox 1477 2931 1943 3000; x_wconf 85' lang='lat' dir='ltr'><strong>Alexandrinus</strong></span> <span class='ocrx_word' id='word_1_123' title='bbox 1988 2932 2357 3016; x_wconf 81' lang='lat' dir='ltr'><strong>probasset3</strong></span> <span class='ocrx_word' id='word_1_124' title='bbox 2403 2954 2568 3016; x_wconf 86' lang='lat' dir='ltr'><strong>nam,</strong></span> <span class='ocrx_word' id='word_1_125' title='bbox 2616 2939 2683 2999; x_wconf 90' lang='lat' dir='ltr'><strong>ut</strong></span> 
     </span>
     <span class='ocr_line' id='line_1_16' title="bbox 346 3037 2682 3131; baseline 0.002 -30"><span class='ocrx_word' id='word_1_126' title='bbox 346 3037 503 3121; x_wconf 87' lang='lat' dir='ltr'><strong>ipsis</strong></span> <span class='ocrx_word' id='word_1_127' title='bbox 550 3037 821 3103; x_wconf 86' lang='lat' dir='ltr'><strong>Nauckii</strong></span> <span class='ocrx_word' id='word_1_128' title='bbox 876 3040 1084 3105; x_wconf 85' lang='lat' dir='ltr'><strong>verbis</strong></span> <span class='ocrx_word' id='word_1_129' title='bbox 1130 3046 1304 3105; x_wconf 89' lang='lat' dir='ltr'><strong>utar:</strong></span> <span class='ocrx_word' id='word_1_130' title='bbox 1370 3038 1582 3124; x_wconf 87' lang='lat' dir='ltr'><strong>„nicht</strong></span> <span class='ocrx_word' id='word_1_131' title='bbox 1631 3038 1756 3104; x_wconf 87' lang='lat' dir='ltr'><strong>den</strong></span> <span class='ocrx_word' id='word_1_132' title='bbox 1801 3039 2374 3131; x_wconf 63' lang='lat' dir='ltr'><strong>Aristarchischem</strong></span> <span class='ocrx_word' id='word_1_133' title='bbox 2408 3040 2682 3107; x_wconf 88' lang='lat' dir='ltr'><strong>sondern</strong></span> 
     </span>
     <span class='ocr_line' id='line_1_17' title="bbox 350 3145 2681 3213; baseline 0.002 -5"><span class='ocrx_word' id='word_1_134' title='bbox 350 3145 473 3209; x_wconf 79' lang='lat' dir='ltr'><strong>den</strong></span> <span class='ocrx_word' id='word_1_135' title='bbox 534 3146 1246 3212; x_wconf 85' lang='lat' dir='ltr'><strong>voralexandrinischen</strong></span> <span class='ocrx_word' id='word_1_136' title='bbox 1305 3146 1680 3211; x_wconf 83' lang='lat' dir='ltr'><strong>Homertext</strong></span> <span class='ocrx_word' id='word_1_137' title='bbox 1743 3147 2163 3213; x_wconf 88' lang='lat' dir='ltr'><strong>herzustellen</strong></span> <span class='ocrx_word' id='word_1_138' title='bbox 2225 3146 2310 3212; x_wconf 89' lang='lat' dir='ltr'><strong>ist</strong></span> <span class='ocrx_word' id='word_1_139' title='bbox 2364 3148 2468 3213; x_wconf 89' lang='lat' dir='ltr'><strong>die</strong></span> <span class='ocrx_word' id='word_1_140' title='bbox 2530 3148 2681 3213; x_wconf 86' lang='lat' dir='ltr'><strong>Auf-</strong></span> 
     </span>
     <span class='ocr_line' id='line_1_18' title="bbox 347 3253 2681 3340; baseline 0.001 -22"><span class='ocrx_word' id='word_1_141' title='bbox 347 3255 514 3339; x_wconf 84' lang='lat' dir='ltr'><strong>gabe</strong></span> <span class='ocrx_word' id='word_1_142' title='bbox 572 3254 699 3318; x_wconf 86' lang='lat' dir='ltr'><strong>und</strong></span> <span class='ocrx_word' id='word_1_143' title='bbox 766 3254 879 3320; x_wconf 84' lang='lat' dir='ltr'><strong>das</strong></span> <span class='ocrx_word' id='word_1_144' title='bbox 944 3254 1337 3340; x_wconf 82' lang='lat' dir='ltr'><strong>wenngleich</strong></span> <span class='ocrx_word' id='word_1_145' title='bbox 1410 3253 1918 3337; x_wconf 77' lang='lat' dir='ltr'><strong>unerreichbare,</strong></span> <span class='ocrx_word' id='word_1_146' title='bbox 1984 3255 2145 3322; x_wconf 88' lang='lat' dir='ltr'><strong>doch</strong></span> <span class='ocrx_word' id='word_1_147' title='bbox 2212 3255 2431 3321; x_wconf 87' lang='lat' dir='ltr'><strong>immer</strong></span> <span class='ocrx_word' id='word_1_148' title='bbox 2495 3275 2681 3320; x_wconf 80' lang='lat' dir='ltr'><strong>anzu-</strong></span> 
     </span>
     <span class='ocr_line' id='line_1_19' title="bbox 348 3362 2680 3429; baseline 0.002 -4"><span class='ocrx_word' id='word_1_149' title='bbox 348 3362 689 3427; x_wconf 83' lang='lat' dir='ltr'><strong>strebende</strong></span> <span class='ocrx_word' id='word_1_150' title='bbox 736 3362 874 3428; x_wconf 94' lang='lat' dir='ltr'><strong>Ziel</strong></span> <span class='ocrx_word' id='word_1_151' title='bbox 923 3362 1036 3427; x_wconf 78' lang='lat' dir='ltr'><strong>der</strong></span> <span class='ocrx_word' id='word_1_152' title='bbox 1100 3362 1420 3428; x_wconf 78' lang='lat' dir='ltr'><strong>Kritik.“1</strong></span> <span class='ocrx_word' id='word_1_153' title='bbox 1488 3362 1862 3428; x_wconf 82' lang='lat' dir='ltr'><strong>Rectissime</strong></span> <span class='ocrx_word' id='word_1_154' title='bbox 1927 3362 2090 3428; x_wconf 83' lang='lat' dir='ltr'><strong>haec</strong></span> <span class='ocrx_word' id='word_1_155' title='bbox 2156 3374 2218 3427; x_wconf 87' lang='lat' dir='ltr'><strong>ut</strong></span> <span class='ocrx_word' id='word_1_156' title='bbox 2284 3369 2426 3428; x_wconf 89' lang='lat' dir='ltr'><strong>sunt</strong></span> <span class='ocrx_word' id='word_1_157' title='bbox 2488 3363 2680 3429; x_wconf 75' lang='lat' dir='ltr'><strong>dicta&gt;</strong></span> 
     </span>
     <span class='ocr_line' id='line_1_20' title="bbox 346 3468 2682 3555; baseline 0.001 -22"><span class='ocrx_word' id='word_1_158' title='bbox 346 3468 436 3533; x_wconf 87' lang='lat' dir='ltr'><strong>ita</strong></span> <span class='ocrx_word' id='word_1_159' title='bbox 481 3474 623 3534; x_wconf 88' lang='lat' dir='ltr'><strong>sunt</strong></span> <span class='ocrx_word' id='word_1_160' title='bbox 668 3490 746 3534; x_wconf 84' lang='lat' dir='ltr'><strong>ex</strong></span> <span class='ocrx_word' id='word_1_161' title='bbox 793 3470 889 3551; x_wconf 80' lang='lat' dir='ltr'><strong>iis,</strong></span> <span class='ocrx_word' id='word_1_162' title='bbox 937 3489 1096 3554; x_wconf 85' lang='lat' dir='ltr'><strong>quae</strong></span> <span class='ocrx_word' id='word_1_163' title='bbox 1146 3469 1316 3536; x_wconf 91' lang='lat' dir='ltr'><strong>dictu</strong></span> <span class='ocrx_word' id='word_1_164' title='bbox 1364 3489 1548 3552; x_wconf 85' lang='lat' dir='ltr'><strong>quam</strong></span> <span class='ocrx_word' id='word_1_165' title='bbox 1595 3490 1665 3535; x_wconf 91' lang='lat' dir='ltr'><strong>re</strong></span> <span class='ocrx_word' id='word_1_166' title='bbox 1713 3476 1854 3535; x_wconf 89' lang='lat' dir='ltr'><strong>sunt</strong></span> <span class='ocrx_word' id='word_1_167' title='bbox 1898 3470 2216 3551; x_wconf 80' lang='lat' dir='ltr'><strong>faciliora3</strong></span> <span class='ocrx_word' id='word_1_168' title='bbox 2264 3491 2407 3535; x_wconf 89' lang='lat' dir='ltr'><strong>nam</strong></span> <span class='ocrx_word' id='word_1_169' title='bbox 2453 3470 2682 3555; x_wconf 78' lang='lat' dir='ltr'><strong>exigua</strong></span> 
     </span>
     <span class='ocr_line' id='line_1_21' title="bbox 348 3575 2682 3662; baseline 0 -21"><span class='ocrx_word' id='word_1_170' title='bbox 348 3575 431 3641; x_wconf 85' lang='lat' dir='ltr'><strong>ad</strong></span> <span class='ocrx_word' id='word_1_171' title='bbox 479 3575 882 3659; x_wconf 85' lang='lat' dir='ltr'><strong>quaestiones</strong></span> <span class='ocrx_word' id='word_1_172' title='bbox 928 3578 1334 3662; x_wconf 84' lang='lat' dir='ltr'><strong>gravissimas</strong></span> <span class='ocrx_word' id='word_1_173' title='bbox 1381 3582 1445 3643; x_wconf 92' lang='lat' dir='ltr'><strong>et</strong></span> <span class='ocrx_word' id='word_1_174' title='bbox 1492 3576 1918 3662; x_wconf 80' lang='lat' dir='ltr'><strong>difficillimas,</strong></span> <span class='ocrx_word' id='word_1_175' title='bbox 1979 3597 2142 3660; x_wconf 86' lang='lat' dir='ltr'><strong>quae</strong></span> <span class='ocrx_word' id='word_1_176' title='bbox 2185 3576 2335 3642; x_wconf 89' lang='lat' dir='ltr'><strong>inde</strong></span> <span class='ocrx_word' id='word_1_177' title='bbox 2382 3577 2682 3659; x_wconf 88' lang='lat' dir='ltr'><strong>oriuntur,</strong></span> 
     </span>
     <span class='ocr_line' id='line_1_22' title="bbox 300 3682 2679 3770; baseline 0.001 -23"><span class='ocrx_word' id='word_1_178' title='bbox 300 3753 309 3766; x_wconf 55' lang='grc'>,</span> <span class='ocrx_word' id='word_1_179' title='bbox 349 3682 680 3749; x_wconf 86' lang='lat' dir='ltr'><strong>diluendas</strong></span> <span class='ocrx_word' id='word_1_180' title='bbox 717 3684 997 3751; x_wconf 87' lang='lat' dir='ltr'><strong>subsidia</strong></span> <span class='ocrx_word' id='word_1_181' title='bbox 1047 3690 1406 3770; x_wconf 89' lang='lat' dir='ltr'><strong>suppetunt,</strong></span> <span class='ocrx_word' id='word_1_182' title='bbox 1455 3686 1688 3769; x_wconf 89' lang='lat' dir='ltr'><strong>quippe</strong></span> <span class='ocrx_word' id='word_1_183' title='bbox 1728 3704 1865 3750; x_wconf 89' lang='lat' dir='ltr'><strong>cum</strong></span> <span class='ocrx_word' id='word_1_184' title='bbox 1913 3683 2077 3750; x_wconf 87' lang='lat' dir='ltr'><strong>desit</strong></span> <span class='ocrx_word' id='word_1_185' title='bbox 2122 3685 2304 3750; x_wconf 89' lang='lat' dir='ltr'><strong>nobis</strong></span> <span class='ocrx_word' id='word_1_186' title='bbox 2362 3682 2505 3750; x_wconf 84' lang='lat' dir='ltr'><strong>fons</strong></span> <span class='ocrx_word' id='word_1_187' title='bbox 2551 3684 2679 3766; x_wconf 83' lang='lat' dir='ltr'><strong>ille,</strong></span> 
     </span>
     <span class='ocr_line' id='line_1_23' title="bbox 350 3790 2681 3876; baseline 0 -21"><span class='ocrx_word' id='word_1_188' title='bbox 350 3810 534 3872; x_wconf 87' lang='lat' dir='ltr'><strong>quem</strong></span> <span class='ocrx_word' id='word_1_189' title='bbox 583 3792 854 3856; x_wconf 88' lang='lat' dir='ltr'><strong>omnium</strong></span> <span class='ocrx_word' id='word_1_190' title='bbox 898 3792 1164 3876; x_wconf 86' lang='lat' dir='ltr'><strong>primum</strong></span> <span class='ocrx_word' id='word_1_191' title='bbox 1210 3812 1325 3858; x_wconf 91' lang='lat' dir='ltr'><strong>nos</strong></span> <span class='ocrx_word' id='word_1_192' title='bbox 1373 3790 1547 3857; x_wconf 85' lang='lat' dir='ltr'><strong>adire</strong></span> <span class='ocrx_word' id='word_1_193' title='bbox 1593 3799 2083 3856; x_wconf 85' lang='lat' dir='ltr'><strong>consentaneum</strong></span> <span class='ocrx_word' id='word_1_194' title='bbox 2133 3797 2247 3876; x_wconf 87' lang='lat' dir='ltr'><strong>est,</strong></span> <span class='ocrx_word' id='word_1_195' title='bbox 2297 3790 2437 3855; x_wconf 88' lang='lat' dir='ltr'><strong>dico</strong></span> <span class='ocrx_word' id='word_1_196' title='bbox 2474 3810 2681 3875; x_wconf 89' lang='lat' dir='ltr'><strong>gram-</strong></span> 
     </span>
     <span class='ocr_line' id='line_1_24' title="bbox 348 3898 2679 3981; baseline 0 -19"><span class='ocrx_word' id='word_1_197' title='bbox 348 3898 715 3963; x_wconf 85' lang='lat' dir='ltr'><strong>maticorum</strong></span> <span class='ocrx_word' id='word_1_198' title='bbox 763 3900 1156 3981; x_wconf 83' lang='lat' dir='ltr'><strong>antiquorum</strong></span> <span class='ocrx_word' id='word_1_199' title='bbox 1204 3898 1686 3965; x_wconf 86' lang='lat' dir='ltr'><strong>commentarios</strong></span> <span class='ocrx_word' id='word_1_200' title='bbox 1730 3898 1939 3964; x_wconf 84' lang='lat' dir='ltr'><strong>lexica</strong></span> <span class='ocrx_word' id='word_1_201' title='bbox 1986 3903 2172 3964; x_wconf 87' lang='lat' dir='ltr'><strong>artes.</strong></span> <span class='ocrx_word' id='word_1_202' title='bbox 2245 3898 2455 3963; x_wconf 80' lang='lat' dir='ltr'><strong>Tanta</strong></span> <span class='ocrx_word' id='word_1_203' title='bbox 2515 3898 2679 3964; x_wconf 90' lang='lat' dir='ltr'><strong>cnim</strong></span> 
     </span>
     <span class='ocr_line' id='line_1_25' title="bbox 349 4005 2680 4093; baseline 0.001 -24"><span class='ocrx_word' id='word_1_204' title='bbox 349 4010 487 4070; x_wconf 87' lang='lat' dir='ltr'><strong>erat</strong></span> <span class='ocrx_word' id='word_1_205' title='bbox 544 4005 1114 4072; x_wconf 81' lang='lat' dir='ltr'><strong>Alexandrinorum</strong></span> <span class='ocrx_word' id='word_1_206' title='bbox 1178 4008 1348 4093; x_wconf 80' lang='lat' dir='ltr'><strong>apud</strong></span> <span class='ocrx_word' id='word_1_207' title='bbox 1410 4012 1663 4072; x_wconf 83' lang='lat' dir='ltr'><strong>veteres</strong></span> <span class='ocrx_word' id='word_1_208' title='bbox 1726 4006 2085 4088; x_wconf 76' lang='lat' dir='ltr'><strong>auctoritaS,</strong></span> <span class='ocrx_word' id='word_1_209' title='bbox 2152 4011 2219 4069; x_wconf 92' lang='lat' dir='ltr'><strong>ut</strong></span> <span class='ocrx_word' id='word_1_210' title='bbox 2283 4025 2515 4085; x_wconf 91' lang='lat' dir='ltr'><strong>eorum,</strong></span> <span class='ocrx_word' id='word_1_211' title='bbox 2574 4008 2680 4089; x_wconf 89' lang='lat' dir='ltr'><strong>qui</strong></span> 
     </span>
     <span class='ocr_line' id='line_1_26' title="bbox 351 4112 2679 4200; baseline 0.001 -22"><span class='ocrx_word' id='word_1_212' title='bbox 351 4120 841 4196; x_wconf 85' lang='lat' dir='ltr'><strong>antecesserant,</strong></span> <span class='ocrx_word' id='word_1_213' title='bbox 915 4115 1465 4200; x_wconf 84' lang='lat' dir='ltr'><strong>grammaticorum</strong></span> <span class='ocrx_word' id='word_1_214' title='bbox 1552 4113 1762 4180; x_wconf 85' lang='lat' dir='ltr'><strong>studia</strong></span> <span class='ocrx_word' id='word_1_215' title='bbox 1848 4114 2058 4179; x_wconf 89' lang='lat' dir='ltr'><strong>omnia</strong></span> <span class='ocrx_word' id='word_1_216' title='bbox 2136 4112 2271 4178; x_wconf 90' lang='lat' dir='ltr'><strong>fere</strong></span> <span class='ocrx_word' id='word_1_217' title='bbox 2363 4113 2679 4180; x_wconf 87' lang='lat' dir='ltr'><strong>oblivione</strong></span> 
     </span>
     <span class='ocr_line' id='line_1_27' title="bbox 353 4220 2678 4305; baseline 0 -20"><span class='ocrx_word' id='word_1_218' title='bbox 353 4222 577 4288; x_wconf 85' lang='lat' dir='ltr'><strong>obruta</strong></span> <span class='ocrx_word' id='word_1_219' title='bbox 622 4221 783 4305; x_wconf 82' lang='lat' dir='ltr'><strong>sint3</strong></span> <span class='ocrx_word' id='word_1_220' title='bbox 843 4243 987 4288; x_wconf 86' lang='lat' dir='ltr'><strong>raro</strong></span> <span class='ocrx_word' id='word_1_221' title='bbox 1050 4227 1293 4289; x_wconf 87' lang='lat' dir='ltr'><strong>tantum</strong></span> <span class='ocrx_word' id='word_1_222' title='bbox 1361 4244 1460 4304; x_wconf 84' lang='lat' dir='ltr'><strong>ea,</strong></span> <span class='ocrx_word' id='word_1_223' title='bbox 1525 4242 1689 4305; x_wconf 90' lang='lat' dir='ltr'><strong>quae</strong></span> <span class='ocrx_word' id='word_1_224' title='bbox 1752 4220 2134 4304; x_wconf 80' lang='lat' dir='ltr'><strong>antiquiores</strong></span> <span class='ocrx_word' id='word_1_225' title='bbox 2199 4224 2678 4305; x_wconf 67' lang='grc' dir='ltr'><em>γλωσσογράφοι</em></span> 
     </span>
    </p>
   </div>
   <div class='ocr_carea' id='block_1_2' title="bbox 533 4543 1446 4611">
    <p class='ocr_par' dir='ltr' id='par_1_2' title="bbox 533 4543 1446 4611">
     <span class='ocr_line' id='line_1_28' title="bbox 533 4543 1446 4611; baseline 0 -15"><span class='ocrx_word' id='word_1_226' title='bbox 533 4544 550 4579; x_wconf 81' lang='lat'><em>1</em></span> <span class='ocrx_word' id='word_1_227' title='bbox 589 4544 715 4597; x_wconf 68' lang='lat' dir='ltr'><strong>Mel.</strong></span> <span class='ocrx_word' id='word_1_228' title='bbox 755 4543 1115 4599; x_wconf 73' lang='lat' dir='ltr'><strong>Greco-Rom.</strong></span> <span class='ocrx_word' id='word_1_229' title='bbox 1154 4544 1234 4597; x_wconf 86' lang='lat'><strong>111</strong></span> <span class='ocrx_word' id='word_1_230' title='bbox 1272 4560 1322 4611; x_wconf 93' lang='lat' dir='ltr'><strong>p.</strong></span> <span class='ocrx_word' id='word_1_231' title='bbox 1364 4544 1446 4596; x_wconf 84' lang='lat'><strong>13.</strong></span> 
     </span>
    </p>
   </div>
  </div>
 </body>
</html>
