3250 5117
1308 427 1665 483 ..7—

322 613 515 700 igitur
558 619 756 700 patet,
816 635 944 680 non
1010 615 1210 680 solum
1276 613 1339 678 in
1402 612 1632 700 glossis
1695 611 1822 678 illis
1881 612 2235 681 Homericis
2299 635 2340 680 a
2401 615 2659 699 tragicis

324 720 623 788 adhibitis
660 720 1131 806 antiquissimae
1192 719 1724 806 interpretationis
1783 719 2161 787 Homericae
2222 721 2494 806 vestigia
2551 722 2659 789 de-

323 829 628 914 prehendi
673 868 759 875 —
797 849 982 912 quem
1026 829 1233 896 locum
1280 828 1568 895 sollerter
1617 829 2060 913 sagaciterque
2123 826 2659 896 Bodenheimerus

321 941 538 1001 noster
583 936 923 1001 tractavit1
973 976 1087 1016 —‚
1137 934 1253 1001 sed
1301 934 1492 1001 etiam
1527 934 1941 1001 imitationum
1976 936 2453 1002 Homericarum
2490 937 2659 1022 apud

321 1042 597 1129 tragicos
671 1043 976 1128 exemplis
1043 1042 1383 1127 diligenter
1455 1043 1739 1109 collectis
1811 1029 2056 1129 largum
2122 1041 2362 1109 fontem
2428 1044 2659 1130 aperiri

322 1170 532 1236 posse,
574 1169 653 1217 ex
701 1170 824 1232 quo
874 1152 1297 1218 obsoletorum
1347 1158 1411 1217 et
1455 1150 2001 1219 intermortuorum
2066 1150 2400 1217 verborum
2461 1151 2660 1237 expli-

324 1257 607 1324 cationes
653 1258 1077 1346 grammaticis
1122 1258 1566 1325 Alexandrinis
1612 1259 1967 1344 superiores
2010 1258 2393 1325 hauriantur.
2452 1259 2659 1342 Atque

321 1364 386 1428 in
430 1366 552 1430 hoc
598 1366 985 1449 quaestionis
1031 1386 1264 1451 genere
1296 1387 1587 1455 magnam
1626 1365 1748 1432 sibi
1785 1367 2031 1452 peperit
2066 1365 2318 1436 laudem
2343 1367 2659 1454 Augustus

321 1471 568 1555 Nauck,
616 1474 721 1556 qui
758 1474 813 1539 A
849 1475 892 1539 4
929 1493 1022 1557 sq.
1052 1499 1065 1539 ε

1074 1642 1297 1713 αὖτοὺς
1345 1645 1411 1706 δὲ
1457 1645 1684 1725 ἑλώρια
1733 1650 1905 1726 τεῦχε
1951 1643 2235 1706 κύνεσσιν

880 1753 1155 1814 οἰωνοῖσί
1194 1776 1255 1814 τε
1300 1755 1515 1831 πᾶσι,

321 1941 435 2005 pro
482 1923 671 1987 stulto
720 1920 828 1986 illo
875 1927 1042 1994 πᾶσι,
1092 1919 1261 2003 quod
1307 1922 1478 1987 mala
1522 1921 1795 2005 quadam
1853 1919 2238 1986 Aristarchi2
2301 1919 2660 1987 coniectura

320 2023 590 2109 probata
633 2024 697 2089 in
743 2025 938 2093 libros
984 2033 1231 2093 nostros
1277 2026 1546 2113 irrepsit,
1594 2026 1909 2094 Zenodoti
1952 2026 2323 2093 lectionem:
2388 2030 2664 2093 οἰωνοῖσί

321 2157 382 2195 τε
476 2134 701 2196 δαῖτα
791 2134 1099 2215 restituit,
1194 2134 1532 2222 diligenter
1640 2139 2003 2220 comparato
2110 2133 2413 2219 Aeschyli
2514 2133 2658 2199 loco

321 2238 547 2325 Suppl.
599 2240 771 2307 800:

852 2359 1031 2422 κυσὶν
1079 2361 1342 2423 &chub-³
1396 2361 1600 2442 ἕλωρα
1649 2361 2055 2442 κάπιχωρίοις

855 2467 1047 2548 ὄρνισι
1097 2468 1423 2536 δεῖπνον
1470 2469 1586 2530 οὒκ
1638 2469 1961 2549 ἀναίνομαι
2007 2468 2222 2540 πέλειν,

316 2672 441 2734 quo
492 2658 708 2737 aperte
759 2652 1240 2735 demonstratur,
1289 2655 1412 2720 iam
1458 2653 1846 2738 Aeschylum
1893 2657 2166 2719 οἰωνοῖσί
2206 2681 2266 2718 τε
2315 2655 2545 2718 δαῖτα
2592 2654 2657 2719 in

316 2760 576 2825 Homeri
641 2759 817 2826 libris
881 2760 1136 2845 legisse.
1206 2760 1343 2840 Quo
1400 2760 1630 2827 illustri
1694 2760 1952 2826 Homeri
2014 2761 2211 2826 verba
2275 2761 2653 2827 emendandi

316 2867 660 2951 specimine
707 2868 929 2935 doctus
973 2870 1277 2954 Aeschyli
1323 2869 1656 2955 Sophoclis
1699 2867 2063 2952 Euripidis3
2111 2867 2471 2953 tragoedias
2520 2868 2657 2934 dili·

316 2981 541 3060 genter
612 2975 988 3060 perlustravi
1054 2976 1497 3061 proferamque
1564 2997 1644 3040 ex
1704 2974 1831 3041 illis
1892 2975 2192 3040 nonnulla
2254 2975 2656 3061 paraphrasis

316 3081 693 3147 Homericae
743 3085 1072 3168 exempla3
1121 3083 1346 3166 quibus
1391 3082 1730 3166 adiungam
1790 3102 1993 3168 pauca
2052 3103 2091 3147 a
2154 3081 2656 3149 Bodenheimero

318 3191 554 3256 omissa
601 3189 1035 3274 corrigamque
1083 3212 1182 3272 ea,
1230 3191 1293 3256 in
1342 3191 1568 3275 quibus
1616 3190 1869 3256 erravit.
1915 3228 1999 3236 —-

498 3298 630 3364 Sed
675 3298 1035 3383 priusquam
1085 3298 1166 3363 ad
1225 3318 1358 3364 rem
1423 3298 1624 3383 ipsam
1685 3297 2045 3383 aggrediar,
2106 3318 2312 3383 pauca
2369 3318 2657 3384 praemo-

319 3404 532 3469 nenda
592 3412 751 3471 sunt.
817 3404 1022 3488 Atque
1084 3406 1350 3491 primum
1413 3406 1664 3489 quidem
1732 3412 1961 3491 poetae
2023 3406 2268 3493 tragici,
2347 3403 2513 3487 quod
2574 3404 2658 3470 ad

318 3518 600 3577 nostram
647 3512 901 3596 quidem
950 3512 1381 3596 quaestionem
1442 3514 1688 3595 attinet,
1752 3533 2134 3599 magnopere
2198 3514 2361 3580 inter
2415 3532 2484 3578 se
2542 3510 2659 3576 dif-

316 3618 545 3685 ferunt.
592 3620 975 3704 Aeschylum
1024 3622 1189 3687 enim
1226 3621 1552 3707 permultis
1579 3620 1735 3687 locis
1772 3620 2031 3686 Homeri
2067 3620 2338 3708 vestigia
2372 3603 2656 3704 premere

317 3728 444 3791 iam
492 3729 860 3809 aequalibus
908 3749 1032 3794 non
1079 3729 1359 3813 ignotum
1408 3735 1565 3810 erat,
1615 3728 1909 3811 quoniam
1954 3728 2164 3794 facete
2204 3726 2655 3811 Aristophanes

500 4023 517 4059 ¹
573 4023 795 4078 Maxim.
860 4023 1273 4092 Bodcnheimer‚
1340 4029 1422 4078 De
1491 4027 1839 4079 Homericae
1917 4021 2432 4092 interpretationis
2497 4021 2656 4073 ante·-

315 4109 634 4178 que‘sse'mae
677 4112 930 4180 veste'ffl'z's
968 4108 1265 4164 nonnullis
1304 4110 1546 4179 (Argent.
1586 4109 1769 4181 1890).

500 4235 522 4272 2
562 4234 729 4301 Quam
787 4236 1148 4291 coniecturam
1205 4250 1394 4291 revera
1440 4234 1751 4290 Aristarchi
1801 4250 1922 4290 esse
1973 4232 2257 4288 affirmavit
2294 4230 2658 4287 Wilamowitz

321 4323 492 4374 llom.
537 4323 663 4375 Unt.
703 4338 754 4389 p.
796 4321 880 4374 20.

497 4445 522 4482 3
561 4444 826 4499 Versuum
892 4458 1146 4498 numeros
1211 4458 1405 4511 sequar
1468 4444 1523 4497 in
1582 4442 1851 4512 Aeschylo
1908 4441 2221 4510 Weilianos‚
2279 4441 2336 4495 in
2392 4437 2657 4509 Sophocle

319 4528 870 4599 Schneidewinian03‚
908 4529 965 4583 in
1000 4527 1266 4598 Euripide
1304 4534 1467 4597 atque
1504 4528 1558 4582 in
1586 4527 1919 4595 tragicorum
1948 4526 2263 4596 fragmentis
2290 4524 2654 4582 Nauckianos.
